@unpublished{orc-otherwise-semantics,
	author = {Kitchin, David},
	howpublished = {\url{http://orc.csres.utexas.edu/papers/OrcOtherwiseSemantics.pdf}},
	keywords = {orc},
	title = {Operational and Denotational Semantics of the Otherwise Combinator},
	year = {2009}
}
