% use OPTannote to annotate the entries with keywords, for searches.
% Use OPTnote to provide additional information that appears in the
%		  references.
% Entry Types are 

% An article in a collection : InCollection{,
% A Chapter in a book : InBook{
% Conference Proceedings : Proceedings{
% Conference : InProceedings{,

% Journal names: use without quotes or braces in journal field

%%%%%%%%%%%%%%%%%%%%%%%%%%%%%%%%%%%%%%%%%%%%%%%%%%%%%%%%%%%%%
%Tricky cases:
%1. Superscript in a title
%    title =
%   {{IBM} {C}ryptolpes\raisebox{.6ex}{\sc TM}, {S}uper{D}istribution and Digital Rights Management},

%2. Junior in a name:
%AUTHOR =  "Guy L. {Steele Jr.}",

%3. Forcing a middle name:
%  author = 	 "Brinch Hansen, Per",

%%%%%%%%%%%%%%%%%%%%%%%%%%%%%%%%%%%%%%%%%%%%%%%%%%%%%%%%%%%%%%%%%%%%%

@string{TOPLAS="ACM Transactions on Programming Languages and Systems"}
@string{Surveys="ACM Computing Surveys"}
@string{IPL= "Information Processing Letters"}
@string{CACM = "Communications of the {ACM}"}
@string{JACM = "Journal of the {ACM}"}
@string{TOCS = "ACM Transactions on Computer Systems"}
@string{FAC = "Formal Aspects of Computing"}
@string{NOTES = "Notes on {UNITY}"}
@string{JDC = "Journal of Distributed Computing"}
@string{LNCS = "Lecture Notes in Computer Science"}
@string{cav = {Computer-Aided Verification, CAV '}}
@string{sv = {Springer-Verlag}}


@Book{AHU,
  author = 	 {A.V. Aho and J.E. Hopcroft and J.D. Ullmann},
  title = 	 "Data Structures and Algorithm",
  publisher = 	 "Adison-Wesley",
  year = 	 1983,
  address =	 "Reading, MA"
}

@Article{AL,
  author = 	 "Mart\'{\i}n Abadi and Leslie Lamport",
  title = 	 "An Old Fashioned Recipe for Real Time",
  journal =	 "TOPLAS",
  year =	 1994,
  volume =	 16,
  number =	 5,
  pages =	 "1543--1571",
  month =	 "Sep"
}

@Book{APL,
  author = 	 "K. Iverson",
  title = 	 "A {P}rogramming {L}anguage",
  publisher = 	 "John Wiley and Sons",
  year = 	 1962
}

@Article{AS,
  author = 	 {G.R. Andrews and F.B. Schneider},
  title = 	 "Concepts and Notations for Concurrent Programming",
  journal =	 Surveys,
  year =	 1983,
  volume =	 15,
  number =	 1,
  pages =	 "3-43",
  month =	 "Mar"
}

@Article{AltBit,
  author = 	 "R.A. Scantlebury and K.A. Bartlett and P.T. Wilkinson",
  title = 	 "A note on reliable full-duplex transmission over
		  half-duplex links",
  journal =	 CACM,
  year =	 1969,
  volume =	 12,
  number =	 5,
  pages =	 "260-261",
  month =	 "May"
}


@Book{Andrews,
  author = 	 "Gregory R. Andrews",
  title = 	 "Concurrent Programming, Principles and Practice",
  publisher = 	 "Benjamin Cummings",
  year = 	 1991
}

@Book{Andrews2,
  author = 	 "Gregory R. Andrews",
  title = 	 "Foundations of Multithreaded, Parallel, and Distributed Programming",
  publisher = 	 "Addison-Wesley",
  year = 	 2000
}

@Article{Arvind+Pingali,
  author = 	 {Arvind and R. S. Nikil and K. K. Pingali},
  title = 	 {I-Structures:  Data Structures for Parallel Computing},
  journal = 	 TOPLAS,
  year = 	 1989,
  volume =	 11,
  number =	 4,
  month =	 {Oct},
  pages =	 {598--632}
}

@Article{Backus, 
  author = "J. Backus", 
  title = "Can programming be
   liberated from the von {N}eumann style? {A} functional style and
   its algebra of programs.", 
  journal = CACM,
  year = 1978, 
  volume = 21, 
  number = 8, 
  pages = "613-641", 
  month =  "Aug", 
  note = " Turing Award Lecture (1977)" 
}

@InProceedings{Batcher,
  author = 	 {Kenneth Batcher}, 
  title = 	 {Sorting Networks and Their Applications},
  volume =	 {32},
  pages =	 {307--314},
  booktitle =	 {Proc. AFIPS Spring Joint Computer Conference}, 
  year =	 {1968},
  publisher =	 {AFIPS Press}, 
  address =	 {Reston, VA}
}

@Book{Bernstein,
  author = 	 "Arthur J. Bernstein and Philip M. Lewis",
  title = 	 "Concurrency in programming and database systems",
  publisher = 	 "Jones and Bartlett",
  year = 	 1993
}

@INPROCEEDINGS{Bird, 
	AUTHOR = {R.~S.~Bird}, 
	TITLE = {Lectures on Constructive Functional Programming}, 
	BOOKTITLE = {Constructive Methods in Computing Science}, 
	SERIES = {NATO ASI Series F: Computer and Systems Sciences},
	EDITOR = {Manfred Broy},
	PUBLISHER = {Springer-Verlag}, 
	PAGES = {151--216}, 
	YEAR = {1989}
}

@CONFERENCE{Boudol90,
        AUTHOR = {G. Boudol and G. Berry},
        TITLE = {The Chemical Abstract Machine},
        BOOKTITLE = {Proceedings of the 17th Annual ACM Symposium on Principles of Programming Languages },
        YEAR = {1990},
        PAGES = {81-94}
}

@ARTICLE{C+L, 
	AUTHOR = {K. Mani Chandy and Leslie Lamport}, 
	TITLE = {Distributed {S}napshots:  {D}etermining {G}lobal {S}tates of {D}istributed {S}ystems}, 
	JOURNAL = TOCS, 
	VOLUME = {3}, 
	NUMBER = {1}, 
	MONTH = {Feb}, 
	YEAR = {1985}, 
	PAGES = {63--75}
}

@BOOK{CCS, 
        AUTHOR = {R. Milner}, 
        TITLE = {Communication and Concurrency}, 
        PUBLISHER = {Prentice-Hall International},
        YEAR = {1989},
	SERIES = {International Series in Computer Science, C.A.R. Hoare, series editor}
}

@ARTICLE{CM81, 
	AUTHOR = {Jayadev Misra and K.~Mani Chandy}, 
	TITLE = {Proofs of Networks of Processes}, 
	JOURNAL = {IEEE}, 
	VOLUME = {SE,7}, 
	NUMBER = {4}, 
	PAGES = {417--426}, 
	MONTH = {July},
	YEAR = {1981}
}

@ARTICLE{CM84, 
	AUTHOR = {K.~Mani Chandy and Jayadev Misra}, 
	TITLE = {The Drinking Philosophers Problem},
	JOURNAL = TOPLAS,
	VOLUME = {6}, 
	NUMBER = {4}, 
	PAGES = {632--646},
	YEAR = {1984}
}

@PhdThesis{Jones81,
  author = 	 {C.B. Jones},
  title = 	 {Development Methods for Computer Programs Including a Notion of Interference},
  school = 	 {Oxford University},
  year = 	 1981,
  month =	 {June},
  note =	 {Printed as Technical Monograph 25, Programming Research Group}
}

@ARTICLE{CM86, 
	AUTHOR = {K.~Mani Chandy and Jayadev Misra}, 
	TITLE = {How Processes Learn}, 
	JOURNAL = {Journal of Distributed Computing},
	VOLUME = {1}, 
	PAGES = {40--52},
	YEAR = {1986}
}

@ARTICLE{CM86b, 
        AUTHOR = {K. Mani Chandy and Jayadev Misra}, 
        TITLE = {Systolic Algorithms as Programs}, 
        JOURNAL = {Distributed Computing}, 
        YEAR = {1986},
        VOLUME = {1},
        NUMBER = {},
        PAGES = {177--183} 
}

@BOOK{CM88, 
	AUTHOR = {K.~Mani Chandy and Jayadev Misra}, 
	TITLE = {Parallel Program Design: A Foundation}, 
	PUBLISHER = {Addison-Wesley},
	YEAR = {1988}
}  

@InBook{CM88Ch10,
  author = 	 {K.~Mani Chandy and Jayadev Misra},
  title = 	 {Parallel Program Design: A Foundation}, 
  chapter = 	 10,
  publisher = 	 {Addison-Wesley},
  year = 	 1988
}

@InCollection{CM90,
  author = 	 {K.~Mani Chandy and Jayadev Misra},
  title = 	 {Proofs of distributed algorithms: an exercise},
  booktitle = 	 {Developments in Concurrency and Communication},
  pages =	 {305--332},
  publisher =	 {Addison-Wesley},
  year =	 1990,
  editor =	 {C.A.R.~Hoare},
  series =	 {University of Texas at Austin Year of Programming}
}

@Book{CSP,
  author = 	 "C.A.R. Hoare",
  title = 	 {Communicating Sequential Processes},
  publisher = 	 "Prentice Hall International",
  year = 	 1984
}


@Article{CSPCACM,
  author = 	 "C.A.R. Hoare",
  title = 	 {Communicating Sequential Processes},
  journal =	 CACM,
  year =	 1978,
  volume =	 21,
  number =	 8,
  pages =	 "666-677",
  month =	 "Aug"
}

@Book{CT,
  author = 	 " K. Mani Chandy and Stephen Taylor",
  title = 	 "An Introduction to Parallel Programming",
  publisher = 	 "Jones and Bartlett",
  year = 	 1992
}

@Article{conway,
  author = 	 "M.E. Conway",
  title = 	 {Design of a Separable Transition-Diagram Compiler},
  journal =	 CACM,
  year =	 1963,
  volume =	 6,
  number =	 7,
  pages =	 "396-408",
  month =	 "July"
}

@PHDTHESIS{Cohen, 
	AUTHOR = {Ernest S. Cohen}, 
	TITLE = {Modular Progress Proofs of Concurrent Programs},
	SCHOOL = {University of Texas at Austin}, 
	MONTH = {Aug},	
	YEAR = {1992}
}

@Unpublished{cohen94,
  author = 	 {Ernest S. Cohen},
  title = 	 {A Guide to Reduction},
  note = 	 {Unpublished note},
  year =	 1994
}

@ARTICLE{Cook,
	AUTHOR = {Stephen Cook}, 
	TITLE = {Soundness and completeness of an axiom system for program verification}, 
	JOURNAL = {SIAM Journal of Computing},
	VOLUME = {7},
	NUMBER = {1},
	PAGES = {70--90},
	YEAR = {1978}
}

@Article{Cosmic,
  author = 	 "C. Seitz",
  title = 	 "The Cosmic Cube",
  journal =	 CACM,
  year =	 1985,
  volume =	 28,
  number =	 1,
  pages =	 "22-33",
  month =	 "Jan"
}


@Article{ReaderWriter,
  author = 	 {P.J. Courtois and F. Heymans and D.L. Parnas},
  title = 	 {Concurrent Control with Readers and Writers},
  journal =	 CACM,
  volume =	 14,
  year =	 1967,
  number =	 10,
  pages =	 "667--668",
  month =	 "Oct"
}



@InCollection{EWD72,
  author = 	 {E.W. Dijkstra},
  title = 	 {Hierarchical Ordering of Sequential processes},
  booktitle = 	 {Operating Systems Techniques},
  publisher =	 {Academic Press},
  year =	 1972
}

@BOOK{D+S, 
	AUTHOR = {E.W. Dijkstra and C.S. Scholten}, 
	TITLE = {Predicate Calculus and Program Semantics}, 
	PUBLISHER = {Springer-Verlag}, 
	SERIES = {Texts and Monographs in Computer Science},
	YEAR = {1989}
}

@Book{Gries-Schneider,
  author =	 {David Gries and Fred B. Schneider},
  title = 	 {A Logical Approach to Discrete Math},
  publisher = 	 {Springer-Verlag},
  year = 	 1994,
  series =	 {Texts and Monographs in Computer Science}
}

@Book{Gries-science,
  author =	 {David Gries},
  title = 	 {The Science of Programming},
  publisher = 	 {Springer-Verlag},
  year = 	 1981,
  series =	 {Texts and Monographs in Computer Science}
}

@Article{crypt,
  author = 	 {W. Diffie and M. Hellman},
  title = 	 {New Directions in Cryptography},
  journal = 	 {{IEEE} Trans. Inform. Theory},
  year =	 1976,
  volume =	 22,
  number =	 6,
  pages =	 "644--654"
}

@Article{PublicKey,
  author = 	 {R.L. Rivest and A. Shamir and L. Adelman},
  title = 	 {A Method for Obtaining Digital Signatures and Public
		  Key Cryptosystems},
  journal =	 CACM,
  year =	 1978,
  volume =	 21,
  number =	 2,
  pages =	 "120--126",
  month =	 "Feb"
}

@ARTICLE{D65,
	AUTHOR = {E.W. Dijkstra}, 
	TITLE = {Solution of a Problem in Concurrent Programming Control}, 
	JOURNAL = CACM,
	VOLUME = {8},
	NUMBER = {9},
	PAGES = {569},
	YEAR = {1965},

}

@Article{ewd59,
  author = 	 {E.W. Dijkstra},
  title = 	 {A Note on Two problems in connection with Graphs},
  journal = 	 {Numerische Mathematik},
  year = 	 1959,
  volume =	 1,
  pages =	 {83--89}
}

@INPROCEEDINGS{D68, 
	AUTHOR = {E.W. Dijkstra}, 
	TITLE = {Cooperating Sequential Processes}, 
	BOOKTITLE = {Programming Languages}, 
	SERIES = {},
	EDITOR = {F. Genuys},
	PUBLISHER = {Academic Press}, 
	PAGES = {43--112}, 
	YEAR = {1968}
}

@ARTICLE{DT, 
        AUTHOR = {David Turner}, 
        TITLE = {An Overview of {M}iranda}, 
        JOURNAL = {ACM SIGPLAN Notices}, 
	MONTH = {Dec}, 
        YEAR = {1986}, 
        VOLUME = {21},
        PAGES = {156--166}
}

@ARTICLE{Dash,
        AUTHOR = {D. Lenoski and others}, TITLE = "The {S}tanford {D}ash
 		  {M}ultiprocessor",
        JOURNAL = {Computer},
        YEAR = {1992},
        VOLUME = {25},
        NUMBER = {3},
        PAGES = {63-79}
}

@BOOK{Dijkstra-discipline, 
	AUTHOR = {E.W. Dijkstra}, 
	TITLE = {A Discipline of Programming}, 
	PUBLISHER = {Prentice-Hall},
	YEAR = {1976}
}

@Unpublished{Dstarv,
  author = 	 {E.W. Dijkstra},
  title = 	 {Two starvation free solutions to a general exclusion problem},
  note = 	 "EWD 625, Plataanstraat 5, 5671 AL Neunen, The Netherlands"
}

@Unpublished{Dchannel,
  author = 	 {E.W. Dijkstra},
  title = 	 {Misra's weakest fair buffer},
  note = 	 "EWD 1225, University of Texas, Austin,
		  78712",
  year = 1995,
  month = "Dec"
}


@ARTICLE{Eswaran-et-al, 
	AUTHOR = {K.P. Eswaran and J.N. Gray and R.A. Lorie and I.L. Traiger}, 
	TITLE = {The Notions of Consistency and Predicate Locks in a Database System}, 
	JOURNAL = CACM, 
	VOLUME = {19}, 
	NUMBER = {11}, 
	MONTH = {Nov}, 
	YEAR = {1976}, 
	PAGES = {624--633}
}

@ARTICLE{FFT, 
        AUTHOR = {J.~M.~Cooley and J.~W.~Tukey}, 
        TITLE = {An Algorithm for the Machine Calculation of Complex {F}ourier Series}, 
        JOURNAL = {Math. Comp.}, 
        YEAR = {1965},
        VOLUME = {19},
        NUMBER = {90}, 
        PAGES = {297--301}
}

@InProceedings{Shankar93:CAV,
  author = 	 {Natarajan Shankar},
  title = 	 {Verification of Real-Time Systems Using {PVS}},
  booktitle = 	 {Computer-Aided Verification, {CAV '93}},
  pages =	 {280--291},
  year =	 1993,
  editor =	 {Costas Courcoubetis},
  volume =	 697,
  series =	 LNCS,
  month =	 {June--July}
}

@article{Owre95:prolegomena,
	AUTHOR = {Sam Owre and John Rushby and Natarajan Shankar and
		Friedrich von Henke},
	TITLE = {Formal Verification for Fault-Tolerant Architectures:
		Prolegomena to the Design of {PVS}},
	JOURNAL = {IEEE Transactions on Software Engineering},
	VOLUME = 21,
	NUMBER = 2,
	PAGES = {107--125},
	MONTH = feb,
	YEAR = 1995
}

@Unpublished{Fischer85,
  author = 	 {M.J.~Fischer},
  Title = 	 {Real-time Mutual Exclusion},
  note = 	 {Unpublished}
}

@CONFERENCE{Floyd, 
	AUTHOR = {R.W. Floyd}, 
	TITLE = {Assigning Meanings to Programs}, 
	BOOKTITLE = {Mathematical Aspects of Computer Science (Proc. Sym. in Applied Math)}, 
	EDITOR = {T. Schwartz}, 
	VOLUME = {19}, 
	PUBLISHER = {Amer. Math. Soc.},
	YEAR = {1967},
	PAGES = {19--32}
}

@BOOK{Francez86, 
	AUTHOR = {Nissim Francez}, 
	TITLE = {Fairness}, 
	PUBLISHER = {Springer-Verlag},
	YEAR = {1986}
}

@TECHREPORT{Gaifman+Maher+Shapiro, 
	AUTHOR = {H. Gaifman and M. J. Maher and E. Shapiro}, 
	TITLE = {Replay, Recovery, Replication and Snapshot of Nondeterministic Concurrent Programs}, 
	INSTITUTION = {Department of Applied Mathematics and Computer Science, The Weizmann Institute of Science, Rehovot, 76100, Israel}, 
	MONTH = {July}, 
	YEAR ={1990} 
}

@INPROCEEDINGS{Gray, 
	AUTHOR = {J. Gray}, 
	TITLE = {Notes on database operating systems},
	BOOKTITLE = {Operating Systems: An Advanced Course},
	EDITOR = {R. Bayer and R. M. Graham and G. Seegmuller}, 
	VOLUME = {LNCS 66}, 
	PUBLISHER = {Springer-Verlag}, 
	YEAR = {1978}, 
	NOTE = {Also appears as {\em IBM Research Report RJ 2188}, Aug 1987.}
}

@ARTICLE{Guttag,
	AUTHOR = {John Guttag}, 
	TITLE = {Abstract Data Types and the Development of Data Structures}, 
	JOURNAL = CACM, 
	VOLUME = {20}, 
	NUMBER = {6},
	PAGES = {396--404}, 
	MONTH = {June}, 
	YEAR = {1977}
}
  
@Book{GrayReuter,
  author =	 {Jim Gray and Andreas Reuter},
  title = 	 {Transaction {P}rocessing: {C}oncepts and {T}echniques},
  publisher = 	 {Morgan Kaufmann},
  year = 	 1993
}

@article{H+M,
    author={J.Y. Halpern and Y. Moses},
    title={Knowledge and Common Knowledge in a Distributed Environment},
    journal= JACM,
    volume = {37},
    number = 3,
    year=1990,
    pages={549--587},
    note={A preliminary
        version appeared in {\em Proc.~3rd ACM
        Symposium on Principles of Distributed Computing}, 1984}
}

@Book{FHMV,
  author =	 {Ronald Fagin and Joseph Y. Halpern and Yoram Moses and Moshe Y. Vardi},
  title = 	 {Reasoning about knowledge},
  publisher = 	 {{MIT} {P}ress},
  year = 	 1995
}

@ARTICLE{Hoare69,
	AUTHOR = {C.A.R. Hoare}, 
	TITLE = {An Axiomatic Basis for Computer Programming}, 
	JOURNAL = CACM,
	VOLUME = {12},
	PAGES = {576--580,583},
	YEAR = {1969}
}  

@ARTICLE{Hoare74, 
	AUTHOR = {C.A.R. Hoare}, 
	TITLE = {Monitors:  an operating system structuring concept}, 
	JOURNAL = CACM, 
	VOLUME = {17}, 
	NUMBER = {10}, 
	MONTH = {Oct}, 
	YEAR = {1974}, 
	PAGES = {549--557} 
}


@Article{J+R,
  author = 	"Charanjit S. Jutla and Josyula R. Rao",
  title = "A Methodology for Designing Proof Rules for Fair Parallel Programs",
  journal = 	 FAC,
  year = 	 1997,
  volume =	 9,
  number =	 4,
  pages =	 {359--378}
}

% The above reference J+R, replaces JKR below.

@INPROCEEDINGS{JKR,
	AUTHOR = {C.S. Jutla and E. Knapp and J.R. Rao}, 
	TITLE = {A Predicate Transformer Approach to Semantics of Parallel Programs}, 
	BOOKTITLE = {Proc. 8th ACM SIGACT/SIGOPS Symposium on Principles of Distributed Systems (PODC '89)},
	ADDRESS = {Edmonton, Alberta, Canada},
	PAGES = {249--263},
	YEAR = {1989}
}

@TECHREPORT{JLA88,
        AUTHOR = {Jan L. A. van de Snepscheut}, 
        TITLE = {For the record: Scheduling a Meeting}, 
        INSTITUTION = {Groningen University, The Netherlands}, 
	MONTH = {Jan},
        YEAR = {1988},
        NUMBER = {JAN--141}
}

@InProceedings{mis99,
  author = 	 {Jayadev Misra},
  title = 	 {Generating--Functions of Interconnection Networks},
  booktitle = 	 {Millennial Perspectives in Computer Science:
the proceedings of the 1999 Oxford--Microsoft Symposium in honour of
Sir Tony Hoare},
  year =	 1999,
  address =	 {St. Catherine's College, Oxford},
  month =	 {Sep}
}

@UNPUBLISHED{JM94, 
	AUTHOR = {Jayadev Misra}, 
	TITLE = {Book in preparation}, 
	NOTE = {The University of Texas at Austin} 
}


@INPROCEEDINGS{JS, 
	AUTHOR = {Geraint Jones and Mary Sheeran}, 
	TITLE = {Circuit Design in {R}uby}, 
	BOOKTITLE = {Formal Methods for VLSI Design}, 
	EDITOR = {J\o rgen Staunstrup}, 
	PUBLISHER = {North-Holland}, 
	YEAR = {1990}
}

@CONFERENCE{Jagadeesan89,
        AUTHOR = {R. Jagadeesan and P. Panangaden and K. Pingali},
        TITLE = {A Fully Abstract Semantics for a Functional Language with Logic variables},
        BOOKTITLE = {Proceedings of IEEE Symposium on Logic in Computer Science},
        YEAR = {1989},
        PAGES = {294-303}
}

@CONFERENCE{Jagadeesan90,
        AUTHOR = {R. Jagadeesan and P. Panangaden},
        TITLE = {A Domain-theoretic Model of a Higher-order Process Calculus},
        BOOKTITLE = {The Seventeenth International Colloquium On Automata Languages And Programming},
        YEAR = {1990},
        EDITOR = {M. S. Paterson},
        PAGES = {181-194},
        PUBLISHER = {Springer-Verlag},
        NOTE = {Lecture Notes In Computer Science 443}
}

@MISC{JiFeng, 
	AUTHOR = {He JiFeng}, 
	TITLE = {Personal communication}
}

@InProceedings{KL, 
        AUTHOR = {H.T. Kung and C.E. Leiserson}, 
        TITLE = {Systolic Arrays (for {VLSI})}, 
        BOOKTITLE = {Sparse Matrix Proc., 1978}, 
        YEAR = 1979,
        EDITOR = {I. S. Duff and G. W. Stewart},
        organization = {SIAM}, 
        PAGES = {256--282}
}

@INPROCEEDINGS{KR, 
	AUTHOR = {Richard M.~Karp and Vijaya Ramachandran}, 
	TITLE = {Parallel Algorithms for Shared Memory Machines}, 
	BOOKTITLE = {Handbook of Theoretical Computer Science}, 
	EDITOR = {J. van Leeuwen},
	PUBLISHER = {Elsevier and the MIT Press}, 
	YEAR = {1990}
}

@PhdThesis{KaltThesis,
  author = 	"Markus Kaltenbach", 
  title = 	"Interactive {V}erification {E}xploiting {P}rogram {D}esign {K}nowledge: {A} {M}odel-{C}hecker for {UNITY}",
  school = 	 {University of Texas at Austin},
  year = 	 1996,
  note =	 "Available for download at {\tt http://www.cs.utexas.edu/users/markus/diss.html}"
}

@INPROCEEDINGS{Kleinman, 
	AUTHOR = {A. Kleinman and Y. Moscowitz and A. Pnueli and E. Shapiro}, 
	TITLE = {Communication with Directed Logic Variables}, 
	BOOKTITLE = {Proc. POPL 91}, 
	YEAR = {(to appear)}
}

@ARTICLE{Knapp, 
	AUTHOR = {E. Knapp}, 
	TITLE = {A Predicate Transformer for Progress}, 
	JOURNAL = IPL,
	VOLUME = {33},
	PAGES = {323--330},
	YEAR = {1990}
}  

@ARTICLE{Knapp92,
        AUTHOR = {Edgar Knapp}, 
        TITLE = {Derivation of Concurrent Programs:  Two Examples}, 
        JOURNAL = {Science of Computer Programming}, 
        YEAR = {1992},
        VOLUME = {19},
        PAGES = {1--23} 
}

@PHDTHESIS{KnappDiss,
	AUTHOR = {E. Knapp}, 
	TITLE = {Refinement as a Basis for Concurrent Program Design}, 
	SCHOOL = {University of Texas at Austin},
	MONTH = {May},
	YEAR = {1992}
}

@BOOK{Knuth3, 
        AUTHOR = {D.~E.~Knuth}, 
        TITLE = {Sorting and Searching},  
        PUBLISHER = {Addison-Wesley}, 
	ADDRESS = {Reading, Massachusetts}, 
        YEAR = {1998},
        VOLUME = {3},
        SERIES = {The Art of Computer Programming} 
}

@BOOK{Knuth1, 
        AUTHOR = {D.~E.~Knuth}, 
        TITLE = {Fundamental Algorithms},  
        PUBLISHER = {Addison-Wesley}, 
	ADDRESS = {Reading, Massachusetts}, 
        YEAR = {1997},
        VOLUME = {1},
        SERIES = {The Art of Computer Programming} 
}

@INPROCEEDINGS{L+P+S,
	AUTHOR = {D. Lehman and A. Pnueli and J. Stavi},
	EDITOR = {O. Kariv and S. Even},
	TITLE = {Impartiality, Justice and Fairness:  the ethics of concurrent termination},
	BOOKTITLE = {Proc. 8th ICALP},
	MONTH = {July},
	YEAR = {1981},
	PUBLISHER = {LNCS 115, Springer-Verlag}
}

@CONFERENCE{L/S,
        AUTHOR = {S.S. Lam and A.U. Shankar},
        TITLE = {Refinement and Projection of Relational Specifications}, 
        BOOKTITLE = {Proc. REX Workshop on Stepwise Refinement of Distributed Systems, Plasmolen-Mook, The Netherlands}, 
	MONTH = {May},
        YEAR = {1989},
        PUBLISHER = {LNCS 430, Springer-Verlag}
}

@Article{LS2,
  author = 	 {S.S. Lam and A.U. Shankar},
  title = 	 {A theory of interfaces and modules {I}: composition theorem},
  journal = 	 {IEEE Transactions on Software Engineering},
  year = 	 1994,
  volume =	 20,
  number =	 1,
  pages =	 {55--71},
  month =	 {Jan}
}

@article{WL97,
AUTHOR          = {Thomas Y. C. Woo and Simon S. Lam},
TITLE           = {Authentication for Distributed Systems},
JOURNAL         = {Computer},
VOLUME          = 25,
NUMBER          = 1,
MONTH           = Jan,
YEAR            = 1992,
NOTE            = {Revised version to appear in {\em Internet Security},
                   Dorothy Denning and Peter Denning (eds.), Addison-Wesley
                   and ACM Press Books, 1997; Available at
                   {\tt http://www.cs.utexas.edu/users/lam/NRL/ }}
}

@InCollection{broy99,
  author =   {Broy, Manfred},
  title =   {{A logical basis for modular systems engineering}},
  booktitle =   {{Calculational System Design}},
  publisher = {IOS Press},
  year =   1999,
  editor =   {Broy, Manfred and Steinbr{\"u}ggen, Ralf},
  volume =   173,
  series =   {NATO Science Series F},
  pages =   {101--130}
}

@Article{LY,
  author = 	 {David Lee and Mihalis Yannakakis},
  title = 	 {Principles and Methods of Testing Finite State
                  Machines -- A Survey},
  journal = 	 {Proceedings of the IEEE},
  year = 	 1996,
  volume =	 84,
  number =	 8,
  month =	 {Aug},
  pages =	 {1090-1123}
}

@BOOK{L92, 
        AUTHOR = {F.~Thompson Leighton}, 
        TITLE = {Introduction to Parallel Algorithms and Architectures}, 
        PUBLISHER = {Morgan Kaufmann Publishers}, 
	ADDRESS = {San Mateo, California}, 
        YEAR = {1992} 
}

@BOOK{ThompsonHaskell, 
        AUTHOR = {Simon Thompson}, 
        TITLE = {The Craft of Functional Programming}, 
        PUBLISHER = {Addison-Wesley Longman}, 
	ADDRESS = {Harlow, Essex}, 
        YEAR = {1996} 
}

@ARTICLE{LF, 
        AUTHOR = {R.~E.~Ladner and M.~J.~Fischer}, 
        TITLE = {Parallel Prefix Computation}, 
        JOURNAL = {Journal of the Association for Computing Machinery}, 
        YEAR = {1980},
        VOLUME = {27},
        NUMBER = {4}, 
        PAGES = {831-838}
}

@inproceedings{Dill96,
  author="David L. Dill",
  title="The Mur$\phi$ verification system",
  booktitle="Conference on Computer-Aided Verification",
  Series="Lecture Notes in Computer Science",
  Publisher="Springer-Verlag",
  month="July",
  year="1996",
  pages="390--393"
}

@ARTICLE{habermann, 
        AUTHOR = {A. Nico Habermann}, 
        TITLE = {Synchronization of Communicating Processes}, 
        JOURNAL = CACM, 
        YEAR = {1972},
        MONTH = {Mar}, 
        VOLUME = {15},
        NUMBER = {3}, 
        PAGES = {171-176}
}

@INPROCEEDINGS{LGLGHHL, 
	AUTHOR = {D. Lenoski and  K. Gharachorloo and J. Laudon and A. Gupta and J. Hennessy and M. Horowitz and M. Lam}, 
	TITLE = {Design of Scalable Shared-Memory Multiprocessors:  The DASH Approach}, 
	BOOKTITLE = {Proc. ACM, Compcon}, 
	MONTH = {Feb}, 
	YEAR = {1990} 
}

@TECHREPORT{LGLGHHL2, 
	AUTHOR = {D. Lenoski and  K. Gharachorloo and J. Laudon and A. Gupta and J. Hennessy and M. Horowitz and M. Lam}, 
	TITLE = {Design of the Stanford DASH Multiprocessor},
	INSTITUTION = {Stanford University, Computer Systems Laboratory}, 
	NUMBER = {CSL-89-403}, 
	MONTH = {Dec}, 
	YEAR = {1989}
}
@BOOK{LISP, 
        AUTHOR = {John McCarthy and Paul W.~Abrahams and Daniel J.~Edwards and Timothy P.~Hart and Michael I.~Levin}, 
        TITLE = {LISP 1.5 Programmer's Manual}, 
        PUBLISHER = {MIT Press},
        YEAR = {1962}
}

@INPROCEEDINGS{LLGGH, 
	AUTHOR = {D. Lenoski and J. Laudon and K. Gharachorloo and A. Gupta and J. Hennessy}, 
	TITLE = {The Directory-Based Cache Coherence Protocol for the DASH Multiprocessor}, 
	BOOKTITLE = {Proc. IEEE, 17th Annual International Symposium on Computer Architecture}, 
	MONTH = {May}, 
	YEAR = {1990},
	PAGES = {148--159}
}

@TECHREPORT{LP, 
	AUTHOR = {R. M. Lipton and A. Park}, 
	TITLE = {The Processor Identity Problem}, 
	INSTITUTION = {Division of Computer Science, University of California, Davis, CA  95616}, 
	NUMBER = {CSE--88--16}, 
	YEAR ={1988}
}

@TECHREPORT{LS,
	AUTHOR = {Leslie Lamport and Fred B. Schneider}, 
	TITLE = {Pretending Atomicity}, 
	INSTITUTION = {Digital Systems Research Center},
	NUMBER = {44}, 
	MONTH = {May}, 
	YEAR = {1989}
}

@ARTICLE{Lamport, 
	AUTHOR = {Leslie Lamport}, 
	TITLE = {Proving the Correctness of Multiprocess Programs}, 
	JOURNAL = {IEEE Trans. on Software Engineering},
	VOLUME = {SE-3},
	NUMBER = {2},
	PAGES = {125--143},
	MONTH = {Mar},
	YEAR = {1977}
}

@InProceedings{CohenLamport:Concur98,
   author = "Ernie Cohen and Leslie Lamport",
   title = "Reduction in {TLA}",
   booktitle = "CONCUR'98 Concurrency Theory",
   year = 1998,
   editor = "David Sangiorgi and Robert de Simone",
   publisher = "Springer-Verlag",
   series = "Lecture Notes in Computer Science",
   volume = 1466,
   pages = "317--331",
   note =  {Compaq SRC Research Note 1998-005}
}

@InProceedings{TLA+,
   author = "Leslie Lamport",
   title = "Specifying Concurrent Systems with {TLA+}",
   booktitle = "Calculational System Design",
   year = 1999,
   editor = {Manfred Broy and Ralf Steinbr{\"u}ggen},
   publisher = "IOS Press",
   pages = "183--247"
}

@ARTICLE{Lip75,
	AUTHOR = {Richard J. Lipton}, 
	TITLE = {Reduction:  a method of proving properties of parallel programs}, 
	JOURNAL = CACM, 
	VOLUME = {18}, 
	NUMBER = {12},
	PAGES = {717--721},
	MONTH = {Dec}, 
	YEAR = {1975}
}

@ARTICLE{MH, 
        AUTHOR = {Z. G. Mou and P. Hudak}, 
        TITLE = {An algebraic model for divide-and-conquer algorithms and its parallelism}, 
        JOURNAL = {The Journal of Supercomputing}, 
        YEAR = {1988},
	MONTH = {Nov}, 
        VOLUME = {2},
        NUMBER = {3},
        PAGES = {257--278} 
}

@BOOK{MTH, 
        AUTHOR = {Robin Milner and Mads Tofte and Robert Harper}, 
        TITLE = {The Definition of Standard ML}, 
        PUBLISHER = {MIT Press}, 
        YEAR = {1990}
}

@Book{Meyer,
  author = 	 "Bertrand Meyer",
  title = 	 "Object-Oriented Software Construction",
  publisher = 	 "Prentice Hall",
  year = 	 1997
}

@TECHREPORT{Milner89,
        AUTHOR = {R. Milner and J. G. Parrow and D. J. Walker},
        TITLE = {A Calculus for Mobile Processes},
        INSTITUTION = {University of Edinburgh},
        YEAR = {1989},
        TYPE = {LFCS Report},
        NUMBER = {ECS-LFCS-89-85}
}

@CONFERENCE{Milner90,
        AUTHOR = {R. Milner},
        TITLE = {Functions as Processes},
        BOOKTITLE = {The Seventeenth International Colloquium On Automata Languages And Programming},
        YEAR = {1990},
        EDITOR = {M. S. Paterson},
        PAGES = {167-180},
        PUBLISHER = {Springer-Verlag},
        NOTE = {Lecture Notes In Computer Science 443}
}
@ARTICLE{Misra, 
	AUTHOR = {Jayadev Misra},
	TITLE = {Specifying Concurrent Objects as Communicating Processes}, 
	JOURNAL = {Science of Computer Programming}, 
	VOLUME = 14, 
	NUMBER = 10, 
	MONTH = {Oct}, 
	YEAR = 1990,
	PAGES = {159--184}
}

@Book{discp,
  author = 	 {Jayadev Misra},
  title = 	 {A {D}iscipline of {M}ultiprogramming},
  publisher = 	 {Springer-Verlag New York Inc.},
  year = 	 2001,
  address =	 {New York},
  series =	 {Monographs in Computer Science},
  note =	 {The first chapter is available at {\tt http://www.cs.utexas.edu/users/psp/discipline.ps.gz}}}



@Article{MMP-FMSD,
  author =	 {Jayadev Misra},
  title =	 {A Simple, Object-based View of Multiprogramming},
  journal =	 {Formal Methods in System Design},
  year =	 2002,
  volume =	 20,
  number =	 1,
  pages =	 {23--45},
  month =	 {Jan}
}

@INPROCEEDINGS{MMP-Marktoberdorf99,
	AUTHOR = {Jayadev Misra}, 
	TITLE = {Modular Multiprogramming}, 
	BOOKTITLE = {Proc. of the NATO Advanced Study Institute on Calculational System Design},
	ADDRESS = {Marktoberdorf, Germany},
	SERIES = {NATO Science Series},
	EDITOR = {Manfred Broy and Ralf Steinbr\"{u}ggen},
	VOLUME = 173,
	PUBLISHER = {IOS press}, 
	PAGES = {131--165}, 
	YEAR = 1999
}

@Article{position,
  author = 	 {Jayadev Misra},
  title = 	 {A Discipline of Multiprogramming},
  journal = 	 Surveys,
  year = 	 1996,
  volume =	 {28A},
  OPTnote = 	 {A Position Statement},
  month =	 {Dec}
}


@Article{Strategic,
  author = 	 {R. Cleaveland and S.A. Smolka},
  title = 	 {Strategic Directions in Concurrency Research},
  journal = 	 Surveys,
  year = 	 1996,
  volume =	 28,
  month =	 {Dec}
}

@InProceedings{sbm,
  author = 	 {Fred Schneider and Bard Bloom and Keith Marzullo},
  title = 	 {Putting Time into Proof Outlines},
  booktitle = 	 {Proc.~of the REX Workshop ``Real-Time: Theory in Practice''},
  pages =	 {618--639},
  year =	 1991,
  editor =	 {J.~W.~de Bakker and C.~Huizing and W.~P.~de Roever and G.~Rozenberg},
  volume =	 600,
  series =	 {LNCS},
  publisher =	 {Springer-Verlag}
}

@Article{carmi,
  author = 	 {J. Allen Carruth and Jayadev Misra},
  title = 	 {Proof of a Real-Time Mutual-Exclusion Algorithm},
  journal = 	 {Parallel Processing Letters},
  year = 	 1996,
  volume =	 6,
  number =	 2,
  pages =	 {251-257}
}

@MISC{spc, 
	AUTHOR =  "Natarajan Shankar",
	TITLE = {Personal communication},
        year =	 1992
}

@ARTICLE{Misra-eqn,
	AUTHOR = {Jayadev Misra}, 
	TITLE = {Equational Reasoning about Nondeterministic Processes},
	JOURNAL = {Formal Aspects of Computing},
	VOLUME = {2},
	NUMBER = {2},
	PAGES = {167--195},
	YEAR = 1990
}

@ARTICLE{Misra-Basu,
	AUTHOR = {S. K. Basu and Jayadev Misra}, 
	TITLE = {Proving Loop Programs},
	JOURNAL = {IEEE},
	VOLUME = {SE-1},
	NUMBER = 1,
	PAGES = {76--86},
        Month = {Mar},
	YEAR = 1975
}

@UNPUBLISHED{Misra84, 
	AUTHOR = {Jayadev Misra}, 
	TITLE = {Reasoning About Networks of Communicating Processes},
	NOTE = {Presented at the Advanced Nato Study Institute on Logics and Models for Verification and Specification of Concurrent Systems, La Colle-Sur-Loup, France},
	MONTH = {Oct},
	YEAR = {1984}
}

@Article{Misra86,
  author = 	 {Jayadev Misra},
  title = 	 "Axioms for Memory Access in Asynchronous Hardware",
  journal =	 TOPLAS,
  year =	 1986,
  volume =	 8,
  number =	 1,
  pages =	 {142--153}
}

@INPROCEEDINGS{Misra89,
	AUTHOR = {Jayadev Misra}, 
	TITLE = {A Foundation of Parallel Programming}, 
	BOOKTITLE = {Proc. 9th International Summer School on Constructive Methods in Computer Science},
	SERIES = {NATO ASI Series},
	EDITOR = {Manfred Broy},
	VOLUME = {F 55},
	PUBLISHER = {Springer-Verlag}, 
	PAGES = {397--433}, 
	YEAR = {1989}
}

@INPROCEEDINGS{Misra91,
	AUTHOR = {Jayadev Misra}, 
	TITLE = {A {P}erspective on {P}arallel {P}rogram {D}esign}, 
	BOOKTITLE = 
    {Proc. Research Directions in High-level Parallel Programming Languages},
	ADDRESS = {Mont Saint-Michel, France},
	EDITOR = {J. P. Ban\^{a}tre and D. Le M\'{e}tayer},
	VOLUME = {574},
	PUBLISHER = {Springer-Verlag}, 
	PAGES = {2--5}, 
	YEAR = {1991}
}

@INPROCEEDINGS{Bag91,
	AUTHOR = {I. Chakravarty and M. Kleyn and T.Y.C. Woo and R. Bagrodia and V. Austel}, 
	TITLE = "A {C}ase {S}tudy in the {D}erivation of {P}arallel {P}rograms", 
	BOOKTITLE = 
    {Proc. Research Directions in High-level Parallel Programming Languages},
	ADDRESS = {Mont Saint-Michel, France},
	EDITOR = {J. P. Ban\^{a}tre and D. Le M\'{e}tayer},
	VOLUME = {574},
	PUBLISHER = {Springer-Verlag}, 
	PAGES = {6--20}, 
	YEAR = {1991}
}

@INPROCEEDINGS{pizzarello,
	AUTHOR = {A. Pizzarello}, 
	TITLE = {An Industrial Experience in the use of {UNITY}},
	BOOKTITLE = 
    {Proc. Research Directions in High-level Parallel Programming Languages},
	ADDRESS = {Mont Saint-Michel, France},
	EDITOR = {J. P. Ban\^{a}tre and D. Le M\'{e}tayer},
	VOLUME = {574},
	PUBLISHER = {Springer-Verlag}, 
	PAGES = {39--49}, 
	YEAR = {1991}
}

@INPROCEEDINGS{sanders91,
	AUTHOR = {Beverly Sanders}, 
	TITLE = {On the {UNITY} Design Decisions},
	BOOKTITLE = 
    {Proc. Research Directions in High-level Parallel Programming Languages},
	ADDRESS = {Mont Saint-Michel, France},
	EDITOR = {J. P. Ban\^{a}tre and D. Le M\'{e}tayer},
	VOLUME = {574},
	PUBLISHER = {Springer-Verlag}, 
	PAGES = {50--63}, 
	YEAR = {1991}
}

@Comment duplicate entry: Notes-14
@Comment  MISC{Misra90,
@Comment  	AUTHOR = {Jayadev Misra},
@Comment  	TITLE = {Soundness of the Substitution Axiom},
@Comment  	HOWPUBLISHED = {Notes on UNITY:  14--90},
@Comment  	MONTH = {Mar},
@Comment  	YEAR = {1990}

@INPROCEEDINGS{Misra:loose,
	AUTHOR = {Jayadev Misra}, 
	TITLE = {Loosely Coupled Processes}, 
	BOOKTITLE = {Proc. PARLE '91 Parallel Architectures 
                     and Languages Europe},
	ADDRESS = {Eindhoven, The Netherlands},
	MONTH = {June},
	SERIES = {Lecture Notes in Computer Science}, 
	VOLUME = {506}, 
	PUBLISHER = {Springer-Verlag}, 
	PAGES = {1-26},
	YEAR = {1991},
}

@Article{loose,
	AUTHOR = {Jayadev Misra},
	TITLE = {Loosely Coupled Processes}, 
  journal = 	 "Future Generation Computer Systems",
  year = 	 1992,
  volume =	 8,
  note =	 {North-Holland},
  pages =	 {269--286}
}

@INBOOK{MisraSS,  
	AUTHOR = {Jayadev Misra}, 
	TITLE = {Recent Technical Developments in Telecommunications}, 
	CHAPTER = {Specification Structuring}, 
	PUBLISHER = {Elsevier Science Publishers B.V.}, 
	YEAR = {(to appear)}
}

@Misc{Misra_notes,
  author =	 "Jayadev Misra",
  title =	 "Lecture Notes on {UNITY} Proof Theory",
  howpublished = "Available as Notes on {UNITY}",
  year =	 "1991-1993",
  note =	 "Univ. of Texas at Austin"
}

@BOOK{NF,
	AUTHOR = {Nissim Francez}, 
	TITLE = {Program Verification}, 
	PUBLISHER = {Addison-Wesley}, 
	YEAR = {1992}
}

@MISC{Notes-2,
    AUTHOR = {Jayadev Misra}, 
    TITLE = {A Theorem About Dynamic Acyclic Graphs}, 
    HOWPUBLISHED = {Notes on {UNITY}: 02--88, The Univ. of Texas at Austin},
    MONTH = {Sep},
    YEAR = {1988}
}

@Misc{Misra_UNITY_Notes,
  author =	 {Jayadev Misra},
  howpublished = {Notes on {UNITY}, a series. University of {T}exas at {A}ustin},
  note =	 {Available for download at {\tt http://www.cs.utexas.edu/users/psp/notesunity.html}},
  year =	 {1988--1992}
}

@MISC{Notes-11,
	AUTHOR = {Jayadev Misra}, 
	TITLE = {The Importance of Ensuring}, 
	HOWPUBLISHED = {Notes on {UNITY}: 11--90, The Univ. of Texas at Austin},
	MONTH = {Jan},
	YEAR = {1990}
}

@MISC{Notes-13,
    AUTHOR = "Jayadev Misra",
    TITLE = "A Family of 2-process Mutual Exclusion Algorithms",
HOWPUBLISHED = {Notes on {UNITY}:  13--90, The Univ. of Texas at Austin},
    YEAR =   1990
}

@MISC{Notes-14,
	AUTHOR = {Jayadev Misra},
	TITLE = {Soundness of the Substitution Axiom},
	HOWPUBLISHED = {Notes on {UNITY}:  14--90, The Univ. of Texas at Austin},
	MONTH = {Mar},
	YEAR = {1990}
}

@MISC{Notes-15,
	AUTHOR = {Jayadev Misra},
	TITLE = {Auxiliary Variables}, 
	HOWPUBLISHED = {Notes on {UNITY}: 15--90, The Univ. of Texas at Austin},
	MONTH = {July},
	YEAR = {1990}
}

@MISC{Notes-17,
	AUTHOR = {Jayadev Misra}, 
	TITLE = {Preserving Progress Under Program Composition}, 
	HOWPUBLISHED = {Notes on {UNITY}: 17--90, The Univ. of Texas at Austin},
	MONTH = {July},
	YEAR = {1990}
}

@MISC{Notes-19,
	AUTHOR = {Jayadev Misra}, 
	TITLE = {More on Strengthening the Guard}, 
	HOWPUBLISHED = {Notes on {UNITY}: 19--90, The Univ. of Texas at Austin},
	MONTH = {July},
	YEAR = {1990}
}

@MISC{Notes-22,
    AUTHOR = "Angela Dappert-Farquhar",
    TITLE = "A Correction on A Family of 2-process Mutual
Exclusion Algorithms: Notes on {UNITY}: 13-90",
HOWPUBLISHED = {Notes on {UNITY}:  22--90, University of Texas at Austin},
    YEAR =   1990
}

@MISC{Notes-30,
    AUTHOR = "Jayadev Misra",
    TITLE = "{More on {\em detects} and {\em trails}}",
HOWPUBLISHED = {Notes on {UNITY}:  30--91, The Univ. of Texas at Austin},
    YEAR =   1991
}

@ARTICLE{O+L,
	AUTHOR = {S. Owicki and Leslie Lamport},
	TITLE = {Proving Liveness Properties of Concurrent Programs}, 
	JOURNAL = TOPLAS,
	VOLUME = {4},
	NUMBER = {3},
	PAGES = {455--495},
	MONTH = {July},
	YEAR = {1982}
}

@ARTICLE{Owicki+Gries, 
	AUTHOR = {S. Owicki and D. Gries}, 
	TITLE = {An Axiomatic Proof Technique for Parallel Programs {I}}, 
	JOURNAL = {Acta Informatica}, 
	VOLUME = {6}, 
	NUMBER = {1}, 
	YEAR = {1976}, 
	PAGES = {319--340}  
}


@Article{MMS,
  author = 	 {Carroll Morgan and Annabelle McIver and Karen Seidel},
  title = 	 {Probabilistic Predicate Transformers},
  journal = 	 "TOPLAS",
  year = 	 1996,
  volume =	 18,
  number =	 3,
  month =	 {May},
  pages =	 {325-353}
}

@ARTICLE{PV, 
        AUTHOR = {Franco P. Preparata and Jean Vuillemin}, 
        TITLE = {The Cube-Connected Cycles: A Versatile Network for Parallel Computation}, 
        JOURNAL = CACM, 
        YEAR = {1981},
	MONTH = {May}, 
        VOLUME = {24},
        NUMBER = {5},
        PAGES = {300--309} 
}

@ARTICLE{Pachl, 
	AUTHOR = {J. Pachl}, 
	TITLE = {A Simple Proof of a Completeness Result for {\em leads-to} in the {UNITY} Logic}, 
	JOURNAL = IPL,
	VOLUME = {41},
	PAGES =  {35--38},
	YEAR = {1992}
}

@TechReport{RTU,
  author =       "J. Allen Carruth",
  title =        "Real-Time {UNITY}",
  institution =  "University of Texas at Austin",
  year =         1994,
  number =       "TR94-10",
  month =        "Apr"
}

@TECHREPORT{Rao, 
	AUTHOR = {J. R. Rao}, 
	TITLE = {Commutativity and Parallel Program Design}, 
	NUMBER = {TR 91--36},
	INSTITUTION = {Department of Computer Sciences, The University
		  of Texas at Austin},
        YEAR = "1991"
	
}

@PHDTHESIS{RaoDiss, 
	AUTHOR = {J. R. Rao}, 
	TITLE = {Building on the {UNITY} Experience:  
                 Compositionality, Fairness and Probability in Parallelism}, 
	SCHOOL = {The University of Texas at Austin},
	MONTH = {Aug},
	YEAR = {1992}
}


@MISC{RaoNote, 
	AUTHOR = {J.R. Rao}, 
	TITLE = {On a Notion of Completeness for the {\em Leads-to}}, 
	HOWPUBLISHED = {Notes on {UNITY}:  24--90},
	MONTH = {July},
	YEAR = {1991}
}

@ARTICLE{Sanders,
	AUTHOR = {Beverly A. Sanders}, 
	TITLE = {Eliminating the Substitution Axiom from {UNITY} Logic}, 
	JOURNAL = {Formal Aspects of Computing},
	VOLUME = {3},
	PAGES = {189--205},
	YEAR = {1991}
}

@ARTICLE{Shapiro, 
	AUTHOR = {E. Shapiro}, 
	TITLE = {The Family of Concurrent Logic Programming Languages}, 
	JOURNAL = Surveys, 
	VOLUME = {21}, 
	NUMBER = {3}, 
	YEAR = {1989}, 
	PAGES = {412--510}
}

@MISC{Singh,
	AUTHOR = {A.K. Singh}, 
	TITLE = {A Theorem Relating {\em leads-to} and {\em unless}},  
	HOWPUBLISHED = {Notes on UNITY:  04--88},
	MONTH = {Dec},
	YEAR = {1988}
}

@MISC{Singh6,
	AUTHOR = {A.K. Singh}, 
	TITLE = {{\em Leads-to} and Program Union},  
	HOWPUBLISHED = {Notes on {UNITY}:  06--89},
	MONTH = {June},
	YEAR = {1989}
}

@inproceedings{St91,
	author = {M.G. Staskauskas},
	title = "An exercise in verifying concurrent programs in industry: the I/O subsystem",
	booktitle = {Proc. Tenth Intl. Phoenix Conf. on Computers and Communications},
	year = {1991},
	pages = {325--331},
	month = {Mar}

}

@INPROCEEDINGS{Steele, 
	AUTHOR =  "Guy L. {Steele Jr.}",
	TITLE = {Making Asynchronous Parallelism Safe for the World}, 
	BOOKTITLE = {Proc. 17th Annual ACM Symposium on Principles of Programming Languages, San Francisco, CA}, 
	MONTH = {Jan}, 
	YEAR = {1990}, 
	PAGES = {218-231}
}


@Article{TLA,
  author = 	 {Leslie Lamport},
  title = 	 {The {T}emporal {L}ogic of {A}ctions},
  journal =	 TOPLAS,
  year =	 1994,
  volume =	 16,
  number =	 3,
  pages =	 "872--923",
  month =	 "May"
}

 
@ARTICLE{A+S,
	AUTHOR = {Bowen Alpern and Fred B. Schneider}, 
	TITLE = {Defining Liveness}, 
	JOURNAL = IPL, 
	VOLUME = {24}, 
	NUMBER = {4},
	PAGES = {181--185},
	YEAR = {1985}
}



@ARTICLE{VGT, 
	AUTHOR = {A.J.M. van Gasteren and G. Tel}, 
	TITLE = {On the Proof of a Distributed Algorithm},
	JOURNAL = IPL,
	VOLUME = {35},
	NUMBER = {6},
	YEAR = {1990},
	NOTE = {Letter to the editor}
}

@TECHREPORT{Vishnubhotla, 
	AUTHOR = {Prasad Vishnubhotla}, 
	TITLE = {Concurrency and Synchronization in the ALPS Programming Language}, 
	INSTITUTION = {Ohio State University}, 
	NUMBER = {56}, 
	YEAR ={1989}
}

@Article{ads,
  author = 	 {K. Mani Chandy and Jayadev Misra},
  title = 	 "Asynchronous Distributed Simulation Via a
		  Sequence of Parallel Computations",
  journal =	 CACM,
  year =	 1981,
  volume =	 24,
  number =	 11,
  pages =	 "198--206",
  month =	 "Apr"
}

@inproceedings{aip,
	author = {K.Mani Chandy and Jayadev Misra},
	title = "Architecture Independent Programming",
	booktitle = {Proc. 3rd International Conference on Supercomputing}, 
	year = {1988},
	volume = {3},
	pages = {345--351}	
}

@Article{apt,
  author = 	 {K. R. Apt},
  title = 	 "Correctness of Proofs of Distributed Termination
Algorithms",
  journal =	 TOPLAS,
  year =	 1986,
  volume =	 8,
  number =	 3,
  pages =	 "388--405",
  month =	 "July"
}

@Book{LMWF,
  author = 	 "Nancy Lynch and Michael Merritt and William Weihl and Alan Fekete",
  title = 	 "Atomic Transactions",
  publisher = 	 "Morgan Kaufmann",
  year = 	 1994
}

@PhdThesis{bagrodia,
  author = 	 "R. Bagrodia",
  title = 	 "An Environment for the Design and Performance Analysis of Distrubted Systems",
  school = 	 "The University of Texas at Austin",
  year = 	 1987,
  address =	 "Austin, Texas, 78712 "
}

@Article{bakery,
  author = 	 {Leslie Lamport},
  title = 	 {A New Solution of {D}ijkstra's Concurrent Programming Problem},
  journal =	 CACM,
  year =	 1974,
  volume =	 17,
  number =	 8,
  pages =	 "453-455",
  month =	 "Aug"
}

@Article{Bagrodia89,
  author = 	 {Rajive Bagrodia},
  title = 	 {Process Synchronization: design and Performance Evaluation of Distributed Algorithms},
  journal = 	 {{IEEE} {T}rans. {S}oftware {E}ng.},
  year = 	 1989,
  volume =	 15,
  number =	 9,
  pages =	 {1053--1065}
}

@Article{bcm,
  author = 	 {R. Bagrodia and K.Mani Chandy and Jayadev Misra},
  title = 	 "A Message Based Approach to Discrete Event Simulation",
  journal =	 "IEEE Transactions on Software Engineering",
  year =	 1987,
  volume =	 "SE-13",
  number =	 6
}

@Book{beauty,
  author = 	 {W.H.J. Feijen and A.J.M. van Gasteren and D. Gries and
		  Jayadev Misra (editors)},
  title = 	 "Beauty is our Business",
  publisher = 	 "Springer-Verlag",
  year = 	 1990,
  series =	 "Texts and Monographs in Computer Science"
}

@Book{feijen-Gasteren,
  author = 	 {W.H.J. Feijen and A.J.M. van Gasteren},
  title = 	 "On a method of multi-programming",
  publisher = 	 "Springer-Verlag",
  year = 	 1999,
  series =	 "Monographs in Computer Science"
}

@Article{benari,
  author = 	 "M.Ben-Ari",
  title = 	 "Algirithms for On-the-Fly Garbage Collection",
  journal =	 TOPLAS,
  year =	 1984,
  volume =	 6,
  number =	 3,
  pages =	 "333--334",
  month =	 "July"
}

@Book{bhansen,
  author = 	 "Brinch Hansen, Per",
  title = 	 "The Architecture of Concurrent Programs",
  publisher = 	 "Prentice Hall",
  year = 	 1977
}




@Book{Brinch-Hansen73,
  author =	 {Brinch Hansen, Per},
  title = 	 {Operating System Principles},
  publisher = 	 {Prentice Hall},
  year = 	 1973
}

@Article{Brinch-Hansen72,
  author = 	 {Brinch Hansen, Per},
  title = 	 {Structured Multiprogramming},
  journal = 	 {CACM},
  year = 	 1972,
  volume =	 15,
  number =	 7,
  pages =	 {574--577},
  month =	 {July}
}

@InProceedings{bkp,
  author = 	 "H. Barringer and R. Kuiper and A.Pnueli",
  title = 	 "Now You May Compose Temporal Logic Specifications",
  pages =	 "51--63",
  booktitle =	 "Proc. 16th ACM Symposium on Theory of Computing",
  year =	 1984
}

@TechReport{bl1,
  author = 	 "Guy E. Blelloch",
  title = 	 "{NESL}: A Nested Data-Parallel Language",
  institution =  "Carnegie-Mellon Univ.",
  year = 	 {1993},
  number =	 "CMU-CS-93-129",
  address =	 "School of Computer Science",
  month =	 "Apr"
}

@Book{blthesis,
  author = 	 "Guy E. Blelloch",
  title = 	 "Vector Models for Data-Parallel Computing",
  publisher = 	 "MIT Press",
  year = 	 {1990}
}

@InProceedings{bracha,
  author = 	 "G. Bracha and S. Toueg",
  title = 	 "A distributed algorithm for generalized deadlock detection",
  series =	 "ACM symposium on the principles of distributed computing",
  pages =	 "285--301",
  year =	 1984,
  month =	 "Aug"
}

@InProceedings{browne,
  author = 	 {J.C. Browne and A. Tripathi and S. Fedek and A. Adiga and R. Kapur},
  title = 	 "A Language for specification and programming of
		  reconfigurable parallel computation structures",
  booktitle =	 "Int. Conf. of Parallel Processing, Bellaire, Michigan",
  pages =	 "142--149",
  year =	 1982,
  organization = "IEEE",
  month =	 "Aug"
}

@Article{JacksonZave,
  author = 	 {Michael Jackson and Pamela Zave},
  title = 	 {Distributed feature composition:  A virtual architecture for telecommunications services},
  journal = 	 {IEEE Transactions on Software Engineering},
  year = 	 1998,
  volume =	 24,
  number =	 10,
  pages =	 {831--847},
  month =	 {Oct}
}

@Book{dRdBHHLPZ,
  author = {Willem-Paul de Roever and Frank de Boer and Ulrich Hannemann and Jozef Hooman and Yassine Lakhnech and Mannes Poel and Job Zwiers},
  title =  {Concurrency Verification: Introduction to Compositional and Noncompositional Methods},
  publisher = {Cambridge University Press},
  year =      2001,
  note =      {To appear}
}


@InProceedings{browne92,
  author = 	 {P. Newton and J.C.~Browne },
  title = 	 {The CODE 2.0 Graphical Parallel
 Programming Language},
  booktitle = 	 {Proc. ACM Int. Conf. on Supercomputing},
  year =	 1992,
  month =	 {July}
}

@Article{ces,
  author = 	 "E.M. Clarke and E.A. Emerson and A.P. Sistla",
  title = 	 "Automatic Verification of Finite-State Concurrent Systems Using Temporal Logic Specifications",
  journal =	  TOPLAS,
  volume =	 8,
  number =	 2,
  pages =	 "244--263",
  month =	 "Apr",
  YEAR = 1986
}



@Article{EMSS82,
  author = 	 {E.A. Emerson and A.K. Mok and A.P. Sistla and J. Srinivasan},
  title = 	 {Quantitative Temporal Reasoning},
  journal = 	 {Real Time Systems},
  year = 	 1992,
  volume =	 4,
  pages =	 {331--352}
}

@ARTICLE{Param,
	AUTHOR = "E.M. Clarke and O. Grumberg and S. Jha",
	TITLE = "Verifying Parameterized Networks",
	JOURNAL = TOPLAS,
	YEAR = 1997,
        VOLUME = 19,
	NUMBER = 5,
        pages =	 "726--750"
}



@Book{cgp,
  author =	 {Edmund~M.~Clarke and Orna~Grumberg and Doron~A.~Peled},
  title = 	 {Model Checking},
  publisher = 	 {{MIT} Press},
  year = 	 1999
}

@Book{church,
  author = 	 "Alonzo Church",
  title = 	 {The Calculi of Lambda Conversion},
  publisher = 	 "Princeton University Press",
  year = 	 1941
}
@CONFERENCE{cm82,
        AUTHOR = {K. Mani Chandy and Jayadev Misra},
        TITLE = {A distributed algorithm for detecting resource
		  deadlocks in distributed systems},
        BOOKTITLE = {Proceedings of the ACM Symposium on Principles of
		  Distributed Computing},
        YEAR = {1982},
        PAGES = {157--164},
        annote= "termination detection"
}

@Article{cm82b,
  author = 	 "Jayadev Misra and K. Mani Chandy",
  title = 	 "Termination Detection of Diffusing Computations in
		  Communicating Seqential processes",
  journal =	 TOPLAS,
  year =	 1982,
  volume =	 4,
  number =	 1,
  pages =	 "37--43",
  month =	 "Jan"
}

@Article{cmh,
  author = 	 "K.~Mani~Chandy and J.Misra and Laura Haas",
  title = 	 "Distributed Deadlock Detection",
  journal =	 TOCS,
  year =	 1983,
  volume =	 1,
  number =	 2,
  pages =	 "144--156",
  month =	 "May"
}

@Book{concurrency,
  author = 	 {P.A. Bernstein and V. Hadzilacos and N. Goodman},
  title = 	 {Concurrency Control and Recovery in Database Systems},
  publisher = 	 {Addison-Wesley},
  year = 	 {1987}
}

@Article{cool,
  author = 	 "Rohit Chandra and Anup Gupta and John L. Hennessy",
  title = 	 "{COOL}: An object-based language for parallel programming",
  journal =	 "Computer",
  year =	 1994,
  volume =	 27,
  number =	 8,
  pages =	 "14--27",
  month =	 "Aug"
}

@Article{ddes,
  author = 	 {Jayadev Misra},
  title = 	 "Distributed Discrete Event Simulation",
  journal = 	 "Computing Surveys",
  year = 	 1986,
  volume = 	 18,
  number = 	 1,
  pages = 	 "39--65",
  month = 	 "Mar"
}

@Article{dfg,
  author = 	 "E.W. Dijkstra and W.H.J. Feijen and A.J.M. van Gasteren",
  title = 	 "Derivation of a termination detection algorithm for
		  distributed computations",
  journal =	 IPL,
  year =	 1983,
  volume =	 16,
  number =	 5,
  pages =	 "217--219",
  annote =	 "termination detection ring"
}

@Article{diff?,
  author = 	 {K. Mani Chandy and Jayadev Misra},
  title = 	 "Termination Detection of Diffusing Computations in Communicating Sequential Processes",
  journal =	 TOPLAS,
  year =	 1982,
  volume =	 4,
  number =	 1,
  pages =	 "37--43",
  month =	 "Jan"
}

@Article{diffusing,
  author = 	 "E.W. Dijkstra and C.S. Scholten",
  title = 	 "Termination Detection for Diffusing Computations",
  journal =	 IPL,
  year =	 1980,
  volume =	 11,
  number =	 1,
  month =	 "Aug",
  annote =	 "detection termination"
}

@BOOK{AmericaPOOL,
    AUTHOR = "P.H.M. America and J.J.M.M. Rutten",
    TITLE = "A parallel object-oriented language: design and semantic
		  foundations",
    PUBLISHER = "Centrum voor Wiskunde en Informatica",
    YEAR = 1991,
    SERIES = "CWI Trakt",
    VOLUME = 81
}
    
@InProceedings{disc,
  author = 	 "Jayadev Misra",
  title = 	 "A {D}iscipline of {M}ultiprogramming",
  editor =	 "Guy E. Blelloch and K. Mani Chandy and Suresh Jagannathan",
  volume =	 18,
  pages =	 "357--381",
  booktitle =	 "Specification of Parallel Algorithms",
  year =	 1994,
  organization = "DIMACS (Series in Discrete Mathematics)",
  publisher =	 "American Mathematical Society",
  address =	 "Providence, RI"
}

@Article{ds,
  author = 	 {K. Mani Chandy and Jayadev Misra},
  title = 	 "Distributed Simulation:  A Case Study in
		  Design and Verification of Distributed Programs",
  journal =	 "IEEE",
  year =	 1979,
  volume =	 "SE-5",
  number =	 5,
  pages =	 "440-452",
  month =	 "Sep"
}

@Article{dsn,
  author = 	 {K. Mani Chandy and Jayadev Misra and Victor Holmes},
  title = 	 "Distributed Simulation of
		  Networks",
  journal =	 "Computer Networks",
  year =	 1979,
  volume =	 3,
  pages =	 "105--113",
  month =	 "Jan"
}

@Article{exer,
  author = 	 {Jayadev Misra},
  title = 	 "An Exercise in Program Explanation",
  journal =	 TOPLAS,
  year =	 1981,
  volume =	 3,
  number =	 1,
  pages =	 "104--109",
  month =	 "Jan"
}

@Article{garbage,
  author = 	 "E.W. Dijkstra and others",
  title = 	 "On-the-Fly Garbage Collection:  An Exercise in Cooperation",
  journal =	 CACM,
  year =	 1978,
  volume =	 21,
  number =	 11,
  pages =	 "966--975",
  month =	 "Nov",
  annote =	 "garbage collection"
}

@ARTICLE{girard-ll,
        AUTHOR = {J.-Y. Girard},
        TITLE = {Linear Logic},
        JOURNAL = {Theoretical Computer Science},
        YEAR = {1987},
        VOLUME = {50},
        NUMBER = {},
        PAGES = {1-102}
}

@Misc{graycode,
  author =	 "F. Gray",
  title =	 "Pulse code communication",
  howpublished = "U.S. Patent 2,632,058",
  year =	 1953,
  month =	 "Mar"
}

@BOOK{jr,
	AUTHOR = "Josyula R. Rao",
	TITLE = "Extensions of the {UNITY} Methodology: Compositionality, Fairness and Probability in Parallelism",
	PUBLISHER = "Springer-Verlag",
        VOLUME = 908,
        SERIES = "Lecture Notes in Computer Science",
	YEAR = 1995}

@Unpublished{kapur,
  author = 	 "D. Kapur and M. Subramaniam",
  title = 	 "Automated reasoning
about parallel algorithms using powerlists",
  note = 	 "Manuscipt in preparation",
  year =	 1994
}

@Article{knappSurveys,
  author = 	 "Edgar Knapp",
  title = 	 "Deadlock Detection in Distributed Databases",
  journal =	 Surveys,
  year =	 1987,
  volume =	 19,
  number =	 4,
  pages =	 "303--328",
  month =	 "Dec",
  annote =	 "termination"
}

@Article{knot,
  author = 	 "K. Mani Chandy and Jayadev Misra",
  title = 	 "A Distributed Graph Algorithm:  Knot Detection",
  journal =	 TOPLAS,
  year =	 1982,
  volume =	 4,
  number =	 4,
  pages =	 "678--686",
  month =	 "Oct",
  annote =	 "detection"
}

@InProceedings{KornerupEuroPar97,
  author = 	 {Jacob Kornerup},
  title = 	 {Parlists -- a Generalization of Powerlists},
  booktitle = 	 {Proceedings of {Euro-Par'}97},
  editor =	 {Christian Lengauer and Martin Griebl and Sergei Gorlatch},
  number =	 1300,
  series =	 {{LNCS}},
  year =	 1997,
  publisher =	 {Springer-Verlag},
  month =	 {Aug},
  pages =	 {614-618}
}

@Article{KornerupIPL,
author   ="Jacob Kornerup",
journal  ="Information Processing Letters",
title    ="Mapping a functional notation for parallel programs onto
          hypercubes",
year     =1995,
url      ="ftp://ftp.cs.utexas.edu/pub/psp/powerlist/kornerup/hyper.ps.Z",
keywords ="Program derivation, parallel algorithms, functional programming,
          programming calculi, hypercubes, prefix sum",
pages    ="153--158",
volume   =53,
scope    ="Algorithms: scan algorithms"
}

@Article{KornerupIPL97,
  author = 	 {Jacob Kornerup},
  title = 	 {Odd-even Sort in Powerlists},
  journal = 	 {Information Processing Letters},
  year = 	 1997,
  volume =	 61,
  pages =	 {15--24},
  url      ="ftp://ftp.cs.utexas.edu/pub/psp/powerlist/kornerup/oddeven.ps.Z",
  keywords ="Program derivation, parallel algorithms, functional programming,
          programming calculi, sorting"
}

@TechReport{KornerupUT,
author      ="Jacob Kornerup",
title       ="Mapping Powerlists onto Hypercubes",
institution ="University of Texas at Austin, Department of Computer
             Sciences",
type        ="Technical Report",
number      ="CS-TR-94-05",
pages       =17,
month       =Aug,
year        =1994,
note         ="Available for download at {\tt ftp://ftp.cs.utexas.edu/pub/techreports/tr94-05.ps.Z}",
}


@TechReport{KornerupUT97,
  author = 	 {Jacob Kornerup},
  title = 	 {Parlists - a Generalization of Powerlists (extended version)},
  institution =  {University of Texas at Austin, Department of Computer Sciences},
  year = 	 1997,
  type =	 {Technical Report},
  number =	 {CS-TR-97-15},
  month =	 {June},
  note  = "Available for download at {\tt ftp://ftp.cs.utexas.edu/pub/techreports/tr97-15.ps.Z}",
} 


@PhdThesis{KornerupDis,
  author = 	 {Jacob Kornerup},
  title = 	 {Data Structures for Parallel Recursion},
  school = 	 {University of Texas at Austin},
  year = 	 1997,
  note =	 {Available for download at {\tt http://www.cs.utexas.edu/users/kornerup/dis.ps.Z}}
}

@BOOK{lambek,
        AUTHOR = {J. Lambek and P. Scott},
        TITLE = {An introduction to higher-order categorical logic},
        PUBLISHER = {Cambridge University Press},
        YEAR = {1986},
        VOLUME = {7},
        SERIES = {Studies in Advanced Mathematics}
}

@Article{lcp1,
  author = 	 {Jayadev Misra},
  title = 	 {A Logic for Concurrent Programming: Safety},
  journal =	 "Journal of Computer and Software Engineering",
  year =	 1995,
  volume =	 3,
  number =	 2,
  pages =	 "239--272"
}

@Article{lcp2,
  author = 	 {Jayadev Misra},
  title = 	 {A Logic for Concurrent Programming: Progress},
  journal =	 "Journal of Computer and Software Engineering",
  year =	 1995,
  volume =	 3,
  number =	 2,
  pages =	 "273--300"
}


@Article{lcp,
  author = 	 {Jayadev Misra},
  title = 	 {A Logic for Concurrent Programming: (Part {I}) {Safety}, (Part {II}) {Progress}},
  journal = 	 {Journal of Computer and Software Engineering},
  year = 	 1995,
  volume =	 3,
  number =	 2,
  pages =	 {239--300},
  month =	 {June}
}

@Article{linda,
  author = 	 "D. Gelernter",
  title = 	 "Generative Communication in {L}inda",
  journal =	 TOPLAS,
  year =	 1985,
  volume =	 7,
  pages =	 "80--112",
  month =	 "Jan"
}

@Article{lynchio,
  author = 	 "N. Lynch and M. Tuttle",
  title = 	 "An Introduction to input/output automata",
  journal =	 "CWI-Quarterly",
  year =	 1989,
  volume =	 2,
  number =	 3,
  pages =	 "219-246",
  month =	 "Sep"
}

@book{MakRey77,
        author = {Makkai, Michael and Reyes, Gonzalo},
        title = {First Order Categorical Logic},
        publisher = {Sprin\-ger-Ver\-lag},
        series = {Lecture Notes in Mathematics},
        volume = {611},
        year = {1977}
}

@Article{markIEEE,
  author = 	 {M.G. Staskauskas},
  title = 	 "Formal Specification and Design of a 
Distributed Electronic Funds-Transfer System",
  journal =	 "IEEE Transactions on Computers",
  year =	 1988,
  pages =	 "1515--1528",
  month =	 "Dec"
}

@PHDTHESIS{markstas,
	AUTHOR = {M.G. Staskauskas},
	TITLE = {Specification and Verification of Large-Scale Reactive Programs}, 
	SCHOOL = {University of Texas at Austin},
	MONTH = {May},
	YEAR = {1992}
}

@ARTICLE{markstas-exp,
	AUTHOR = {M.G. Staskauskas}, 
	TITLE = {An Experience in the Formal Verification of Industrial Software}, 
	JOURNAL = CACM,
	YEAR = {(to appear)}
}

@ARTICLE{markstas93,
	AUTHOR = {Mark G. Staskauskas}, 
	TITLE = {Formal Derivation of Concurrent Programs:  
		 An Example from Industry}, 
	JOURNAL = {IEEE Transactions on Software Engineering}, 
	VOLUME = {19},
	NUMBER = {5},
	PAGES = {503--528},
	YEAR = {1993}
}

@Article{mattern,
  author = 	 "F. Mattern",
  title = 	 "Algorithms for Distributed Termination Detection",
  journal =	 "Distributed Computing",
  year =	 1987,
  volume =	 2,
  number =	 3,
  pages =	 "161--175"
}

@CONFERENCE{misra83,
        AUTHOR = {Jayadev Misra},
        TITLE = {Detecting terminations of distributed computations
		  using markers},
        BOOKTITLE = {Proceedings of the ACM Symposium on Principles of
		  Distributed Computing},
        YEAR = {1983},
        PAGES = {290--294},
        annote= "detection"
}
@InProceedings{mm84,
  author = 	 "D. P. Mitchell and M. J. Merritt",
  title = 	 "A distributed algorithm for deadlock detection and resolution",
  pages =	 "282--284",
  booktitle =	 "Proceedings of the ACM Symposium on Principles of
		  Distributed Computing",
  year =	 1984,
  month =	 "Aug",
  annote= "termination"
}

@InProceedings{mou,
  author = 	 "Z.G. Mou",
  title = 	 "Divacon: A parallel language for scientific
		  computing based on divide-and-conquer",
  pages =	 "451-461",
  booktitle =	 "Proc. 3rd Symp. on the Frontiers of Massively
		  Parallel Computation",
  year =	 1991,
  month =	 "Oct"
}

@InCollection{power,
  author = 	 "Jayadev Misra",
  booktitle = 	 {A Classical Mind : Essays in Honour of C.A.R. Hoare},
  title = 	 {Powerlist: A Structure for Parallel
		  Recursion (Preliminary Version)},
  publisher =	 "Prentice Hall International",
  year =	 1994,
  editor =	 "A.W. Roscoe",
  pages =	 "295-316"
}

@Article{powerlist,
  author = 	 {Jayadev Misra},
  title = 	 {Powerlist: A Structure for Parallel Recursion},
  journal =	 TOPLAS,
  month =        "Nov",
  year =	 1994,
  volume =	 16,
  number =	 6,
  pages =	 "1737--1767"
}

@BOOK{proofs-and-types,
        AUTHOR = {J.-Y. Girard},
        TITLE = {Proofs and Types},
        PUBLISHER = {Cambridge University Press},
        YEAR = {1989},
        VOLUME = {7},
        SERIES = {Cambridge tracts in Theoretical Computer Science},
        NOTE = {Translated and with appendices by Y. Lafont and P. Taylor}
}

@article{ps,
	author = {Jayadev Misra},
	title = "Phase Synchronization",
	journal = {Information Processing Letters},
	year = {1992},
	volume = {38},
	pages = {81--85},
	note = {(Corrigenda, {\em IPL} 41, p. 59, 1992).}	
}  

@MISC{pst, 
	AUTHOR =  "Guy L. {Steele Jr.}",
	TITLE = {Personal communication},
        year =	 1993
}

@Article{quie,
  author = 	 "K. Mani Chandy and Jayadev Misra",
  title = 	 "An Example of Stepwise Refinement of Distributed Programs:  Quiescence Detection",
  journal =	  TOPLAS,
  year =	 1986,
  volume =	 8,
  number =	 3,
  pages =	 "326--343",
  month =	 "July",
  annote=        "termination detection"
}

@Article{rana,
  author = 	 "S. P. Rana",
  title = 	 "A distributed solution of the distributed
		  termination problem",
  journal =	 IPL,
  year =	 1983,
  volume =	 17,
  pages =	 "43--46",
  annote =	 "detection"
}

@Article{raoprob,
  author = 	 {Josyula R. Rao},
  title = 	 {Reasoning about {P}robabilistic {P}arallel {P}rograms},
  journal =	 TOPLAS,
  year =	 1994,
  volume =	 16,
  number =	 3,
  pages =	 "798--842",
  month =	 "May"
}

@Article{repeat,
  author = 	 {Jayadev Misra and David Gries},
  title = 	 "Finding Repeated Elements",
  journal =	 "Science of Computer Programming",
  year =	 1982,
  volume =	 2,
  pages =	 "143--152"
}

@Unpublished{robust,
  author = 	 "K. Mani Chandy and J.Misra",
  title = 	 "On the Nonexistence of Robust Commit Protocols",
  note = 	 "Department of Computer Sciences, The University of Texas at Austin, Austin, TX",
  year =	 1985,
  month =	 "Nov"
}

@Unpublished{rutger,
  author = 	 "Rutger M. Dijkstra",
  title = 	 {Relational Calculus and Relational Program Semantics},
  note = 	 "Eindhoven Institute of Technology",
  year =	 1992
}

@Article{rutger-computation,
  author =	 {Rutger M. Dijkstra},
  title =	 {Computation Calculus---Bridging a formalization gap},
  journal =	 {Science of Computer Programming},
  year =	 2000,
  volume =	 37,
  number =	 {1-3},
  pages =	 {3--36}
}

@InProceedings{sc,
  author = 	 "K. Mani Chandy and Beverly A. Sanders",
  title = 	 "{T}owards {C}ompositional {S}pecifications for {P}arallel {P}rograms",
  booktitle =	 "DIMACS Workshop on Specifications of Parallel Algorithms",
  year =	 1994,
  address =	 "Princeton, NJ",
  month =	 "May"
}

@InProceedings{sh,
  author = 	 "Guy L. {Steele Jr.} and Daniel Hillis",
  title = 	 "Connection {M}achine {L}isp: {F}ine-Grained parallel
		  Symbolic Processing",
  pages =	 "279-297",
  booktitle =	 "Proc.~1986 ACM Conference on Lisp and Functional Programming",
  year =	 1986,
  organization = "ACM SIGPLAN/SIGACT/SIGART",
  address =	 "Cambridge, Mass.",
  month =	 "Aug"
}

@Article{short,
  author = 	 {K. Mani Chandy and Jayadev Misra},
  title = 	 "Distributed Computation on Graphs:
		  Shortest Path Algorithms",
  journal =	 CACM,
  OPTyear = 	 "1982",
  volume =	 25,
  number =	 11,
  pages =	 "833--837",
  month =	 "Nov"
}

@Article{dap,
  author = 	 {K. Mani Chandy and Jayadev Misra},
  title = 	 "Deadlock Absence Proofs for Networks of
		  Communicating Processes",
  journal =	 IPL,
  year =	 1979,
  volume =	 9,
  number =	 4,
  pages =	 "185--189",
  month =	 "Nov"
}

@Article{UnityShortestPath,
  author = 	 {Jayadev Misra},
  title = 	 {A Walk over the Shortest Path: Dijkstra's Algorithm
                  Viewed as Fixed-Point Computation},
  journal = 	 IPL,
  year = 	 2001,
  month =	 "Feb",
  volume =	 77,
  pages =	 "197--200",
  number =	 {2--4}
}

@Article{sieve,
  author = 	 {David Gries and Jayadev Misra},
  title = 	 "A Linear Sieve Algorithm for Finding Prime
		  Numbers",
  journal =	 CACM,
  year =	 1978,
  volume =	 21,
  number =	 12,
  pages =	 "999--1003",
  month =	 "Dec"
}

@article{simple,
	author = {Jayadev Misra},
	title = "A Simple Proof of a Simple Consensus Algorithm",
	journal = {Information Processing Letters},
	year = {1989},
	volume = {33},
	number = {1},
	pages = {21--24}
}

@InCollection{snapshot,
  author = 	 "E.W. Dijkstra",
  title = 	 "The {D}istributed {S}napshot of {K}.{M}. {C}handy and {L}. {L}amport",
  booktitle =	 "Control Flow and Data Flow",
  publisher =	 "Springer-Verlag",
  year =	 1985,
  editor =	 "M. Broy",
  pages =	 "513-517",
  address =	 "Berlin"
}

@TechReport{chasna,
  author = 	 {K.Mani Chandy},
  title = 	 {The {E}ssence of {D}istributed {S}napshots},
  institution =  {Caltech},
  year = 	 1989,
  month =	 {Mar}
}

@Book{sp,
  author =	 {O.J. Dahl and E.W. Dijkstra and C.A.R. Hoare},
  title = 	 {Structured Programming},
  publisher = 	 {Academic Press},
  year = 	 1972
}

@Article{st,
  author = 	 "T.K. Srikanth and Sam Toueg",
  title = 	 "Simulating authenticated broadcasts to derive simple
fault-tolerant algorithms",
  journal =	 "Distributed Computing",
  year =	 1987,
  volume =	 2,
  number =	 2,
  pages =	 "80--94",
  month =	 "Aug"
}

@Article{tel,
  author = 	 "M. C. van Wezel and G. Tel",
  title = 	 "An Assertional Proof of {R}ana's Algorithm",
  journal =	 IPL,
  year =	 1994,
  volume =	 49,
  number =	 5,
  pages =	 "227--234",
  month =	 "Mar",
  annote=        "termination detection logical clock timestamp"
}

@Article{Tel-Mattern,
  author =   "Gerard Tel and Friedemann Mattern",
  title =   "The derivation of distributed termination detection algorithms from garbage collection schemes ",
  journal =  "TOPLAS",
  year =  1993,
  volume =  15,
  number =  1,
  pages =  "1-35",
  month =  Jan
}

@Article{timestamp,
  author = 	 "Leslie Lamport",
  title = 	 "Time, Clocks, and the Ordering of Events in a Distributed System",
  journal =	 CACM,
  year =	 1978,
  volume =	 21,
  number =	 7,
  pages =	 "558--565",
  month =	 "July",
  annote =	 "clock"
}

@Article{trade,
  author = 	 {Jayadev Misra},
  title = 	 "Space-Time Trade off in Implementing Certain Set Operations",
  journal =	 IPL,
  year =	 1979,
  volume =	 8,
  number =	 2,
  pages =	 "81--85",
  month =	 "Feb"
}

@Article{tree,
  author = 	 {A. Silberschatz and Z. Kedem},
  title = 	 {Consistency in Hierarchical Database Systems},
  journal =	 {Journal of the ACM},
  year =	 1980,
  volume =	 27,
  number =	 1,
  pages =	 "72--80"
}

@MISC{vds, 
	AUTHOR = {J. van de Snepscheut},
	TITLE = {Personal communication}
}

@InProceedings{vision,
  author = 	 "Jayadev Misra",
  title = 	 "A Visionary Decision",
  booktitle =	 {Proc. 9th International Summer School on Constructive Methods in Computer Science},
  address =	 {Marktoberdorf, Germany, July, 1988},
  SERIES = {NATO ASI Series},
  EDITOR = {Manfred Broy},
  VOLUME = {F 55},
  PUBLISHER = {Springer-Verlag}, 
  PAGES = {1--3}, 
  YEAR = {1989}
  
}

@InProceedings{misra_object,
  author = 	 "Jayadev Misra",
  title = 	 "An Object Model for Multiprogramming",
  booktitle = 	 {Proc. 10 IPPS/SPDP 98 Workshops},
  editor =	 {Jo{\'s}e Rolim},
  volume =	 1388,
  series =	 {Lecture Notes in Computer Sciences},
  year =	 1998,
  publisher =	 {Springer-Verlag},
  pages =	 {881--889}
}

@Article{weihl,
  author = 	 "W.E.Weihl",
  title = 	 "Local atomicity Properties: modular concurrency
		  control for abstract data types",
  journal =	 TOPLAS,
  year =	 1989,
  volume =	 11,
  number =	 2,
  pages =	 "249-282",
  month =	 "Apr"
}

@Article{vizing,
  author = 	 {Jayadev Misra and David Gries},
  title = 	 "A Constructive Proof of {V}izing's Theorem",
  journal = 	 {Information Processing Letters},
  year = 	 1992,
  volume =	 41,
  number =	 3,
  pages =	 {131--133},
  month =	 {Mar}
}

@TechReport{will,
  author = 	 "Will Adams",
  title = 	 "Verifying adder circuits using powerlists",
  institution =  "Dept. of Computer Science, Univ. of Texas at Austin",
  year = 	 1994,
  number =	 "TR 94-02",
  address =	 "Austin, Texas 78712",
  month =	 "Mar"
}

@ARTICLE{win, 
	AUTHOR = {Leslie Lamport}, 
	TITLE = {{\em win} and {\em sin}: Predicate Transformers for Concurrency}, 
	JOURNAL = TOPLAS,
	VOLUME = {12},
	NUMBER = {3},
	PAGES = {396--428},
	YEAR = {1990}
}

@InProceedings{wm,
  author = 	 "X. Wang and Z.G. Mou",
  title = 	 "A divide-and-conquer method of solving tridiagonal
		  systems on hypercube massively parallel computers",
  pages =	 "810-817",
  booktitle =	 "proc. of the 3rd IEEE symposium on parallel and
		  distributed processing",
  year =	 1991,
  address =	 "Dallas, Tx.",
  month =	 "Dec"
}

@Article{BSP,
  author =   "L.G. Valiant",
  title =   "A bridging model for parallel computation",
  journal =  CACM,
  year =  1990,
  volume =  33,
  number =  8,
  pages =  "103-111",
  month =  "Aug"
}

@Article{ChandySanders,
  author = "K.~Mani Chandy and Beverly~A. Sanders",
  title = "Predicate Transformers for Reasoning about Concurrent Programs",
  journal =  "Science of Computer Programming",
  year =  1995,
  volume =  24,
  pages =  "129--148"
}

@TechReport{Chandy+Sanders+TR,
  author = "K.~Mani Chandy and Beverly~A. Sanders",
  title  = "Reasoning About Program Composition",
  institution = "Dept. of Computer Science, University of Florida",
  year = 1996,
  number = "TR 96-035"
}



@TechReport{ChandySanders2000,
  author = "K.~Mani Chandy and Beverly~A. Sanders",
  title  = "Reasoning About Program Composition",
  institution = "CISE, University of Florida",
  year = 2000,
  note = {Manuscript available for download via {\tt http://www.cise.ufl.edu/~sanders/pubs/composition.ps}}},
  number = "TR 2000-003"
}

@Article{AL+Compose,
  author =   "M. Abadi and Leslie Lamport",
  title =   "Composing Specifications",
  journal =  "TOPLAS",
  year =  1993,
  volume =  15,
  number =  1,
  pages =  "73-132",
  month =  Jan
}

@Book{Hoare+He,
  author =   "C.A.R. Hoare and He Jifeng",
  title =   "Unifying Theories of Programming",
  publisher =   "Prentice Hall",
  year =   1997
}

@BOOK{henderson,
        AUTHOR = {Peter Henderson},
        TITLE = {Functional Programming},
        PUBLISHER = {Prentice-Hall International},
        YEAR = {1980},
        SERIES = {Series in Computer Science, C.A.R. Hoare, series editor}
}

@Article{hehner83,
  author = 	 {E.C.R.~Hehner and C.A.R.~Hoare},
  title = 	 {A More Complete Model of Communicating Processes},
  journal = 	 {Theoretical Computer Science },
  year = 	 1983,
  volume =	 26,
  month =	 {Sep}
}

@TechReport{hehner81,
  author = 	 {E.C.R.~Hehner},
  title = 	 {Another Look at Communicating Processes},
  institution =  {University of Toronto},
  year = 	 1981,
  number =	 {CSRG-134},
  month =	 {Sep}
}

@Book{hehner93,
  author =	 {Eric~C.R.~Hehner},
  title = 	 {A Practical Theory of Programming},
  publisher = 	 {Springer-Verlag},
  year = 	 1993
}

@Book{hehner84,
  author =	 {Eric~C.~R.~Hehner},
  title = 	 {The Logic of Programming},
  publisher = 	 {Prentice-Hall International},
  year = 	 1984,
  series =	 {Series in Computer Science, C.A.R. Hoare, series editor}
}

@BOOK{peyton, 
        AUTHOR = {L. Peyton Jones, Simon}, 
        TITLE = {The Implementation of Functional Programming Languages}, 
        PUBLISHER = {Prentice-Hall International},
        YEAR = {1987},
	SERIES = 
  {International Series in Computer Science, C.A.R. Hoare, series editor}
}

@BOOK{bird+wadler, 
        AUTHOR = {Richard Bird and Philip Wadler}, 
        TITLE = {Introduction to Functional Programming}, 
        PUBLISHER = {Prentice-Hall International},
        YEAR = {1988},
	SERIES = 
  {International Series in Computer Science, C.A.R. Hoare, series editor}
}

@BOOK{birdHaskell, 
        AUTHOR = {Richard Bird}, 
        TITLE = {Introduction to {F}unctional {P}rogramming using {H}askell}, 
        PUBLISHER = {Prentice-Hall International},
        YEAR = {1998},
	SERIES = 
  {International Series in Computer Science, C.A.R. Hoare and Richard Bird, Series Editors}
}

@BOOK{wiks, 
        AUTHOR = {{\AA ke} {Wikstr\"{o}m}}, 
        TITLE = {Functional Programming Using Standard {ML}}, 
        PUBLISHER = {Prentice-Hall International},
        YEAR = {1987},
	SERIES = 
  {International Series in Computer Science, C.A.R. Hoare, series editor}
}

@Book{Jackson,
  author =	 {Michael Jackson},
  title = 	 {Software Requirements \& Specifications},
  publisher = 	 {Addison-Wesley},
  year = 	 1995
}

@BOOK{paulson, 
        AUTHOR = {Lawrence C. Paulson}, 
        TITLE = {{ML} for the Working Programmer}, 
        PUBLISHER = {Cambridge University Press}, 
        YEAR = {1991}
}


@Article{paulson-unity,
  author = 	 {Lawrence C. Paulson},
  title = 	 {Mechanizing {UNITY} in {Isabelle}},
  journal = 	 {{ACM} Trans. on Computational Logic},
  year = 	 2000,
  volume =	 1,
  number =	 1,
  pages =	 {3--32},
  month =	 {July}
}

@Unpublished{paulson-unity2,
  author = 	 {Lawrence C. Paulson},
  title = 	 {Mechanizing a theory of program composition for {UNITY}},
  year = 	 2000,
  note = 	 {Preliminary version},
  month =	 {Aug}
}

@BOOK{oocp, 
        Editor= {Akinori Yonezawa and Mario Tokoro}, 
        TITLE = {Object-Oriented Concurrent Programming}, 
        PUBLISHER = {The {MIT} Press}, 
        YEAR = 1987,
	SERIES = 
  {Computer Systems Series, Herb Schwetman, series editor}
}

@BOOK{rdoop, 
        Editor= {Bruce Shriver and Peter Wegner}, 
        TITLE = {Research Directions in Object-Oriented Programming}, 
        PUBLISHER = {The {MIT} Press, Cambridge, {MA}}, 
        YEAR = {1987},
	SERIES = 
  {Computer Systems Series, Herb Schwetman, series editor}
}

@book{AbCa,
        author = {Mart\'{\i}n Abadi and Luca Cardelli},
        title = {A Theory of Objects},
        publisher = {Sprin\-ger-Ver\-lag},
        series = {Monographs in Computer Science},
        year = {1996}
}

@book{Ford-Fulkerson,
        author = {Ford, Jr., L.R and Fulkerson, D.R.},
        title = {Flows in Networks},
        publisher = {Princeton University Press},
        year = {1962}
}

@Book{Bollobas,
  author = 	 {B\'{e}la Bollob\'{a}s},
  title = 	 {Graph Theory},
  publisher = 	 {Sprin\-ger-Ver\-lag},
  year = 	 1979
}

@Article{PHall,
  author =   "P. Hall",
  title =   {On {R}epresentatives of {S}ubsets},
  journal =  "Journal of London Mathematical Society",
  year =  1935,
  volume =  10,
  pages =  "26--30"
}

@MISC{DijHall, 
	AUTHOR =  {Edsger W. Dijkstra},
	TITLE = {Personal communication},
        year =	 1997
}
@InProceedings{kmchandy,
  author =   {K. Mani Chandy},
  title =    {Concurrent {P}rogramming for the {M}asses; {K}eynote Address},
  booktitle = 	 {ACM Symposium on the Principles of Distributed Computing},
  volume =   4,
  year =     1985
}


%%=======From Markus Kaltenbach's dissertation bibliography file====



@ARTICLE{bib:BakerTreadmill,
    AUTHOR = "Henry G. Baker",
    TITLE = "The Treadmill: Real-time garbage collection without
		  motion sickness",
    JOURNAL = "ACM SIGPLAN Notices",
    YEAR = 1992,
    VOLUME = 27,
    NUMBER = 3,
    MONTH = Mar
}

@book{bib:BradfieldModalMuCalculus,
   author =    {Julian Charles Bradfield},
   title =     {Verifying Temporal properties of Systems},
   publisher = {Birkh\"{a}user},
   year =      1993,
   series =    {Progress in Temporal Computer Science}
}

@inProceedings{bib:BraytonCofactor,
   author =  {Herv\'e J. Touti and Hamid Savoj and Bill Lin and 
              Robert K. Brayton and Alberto Sangiovanni-Vincentelli},
   title =   {Implicit Enumeration of Finite State machines using BDD's},
   booktitle = {IEEE Int. Conference on CAD},
   year =      1990,
   month =    nov
}

@PHDTHESIS{bib:BoualiPhD,
    AUTHOR = "A. Bouali",
    TITLE = "Etudes et mises en \oe uvre d'outils de v\'{e}rification bas\'{e}e 
             sur la bisimulation",
    SCHOOL = "Univerisit\'{e} de Paris",
    YEAR = 1993
}

@INPROCEEDINGS{bib:BraceROBDD,
	AUTHOR = "K. S. Brace and R. E. Bryant and R. L. Rudell",
	TITLE = "Efficient Implementation of a {BDD} Package",
	BOOKTITLE = "Proceedings of the 27th ACM/IEEE
			     Design Automation Conference",
	YEAR = 1990
}

@ARTICLE{bib:BrownNetworks,
    AUTHOR = "M. C. Brown, E. C. Clarke, O. Grumberg",
    TITLE = "Reasoning about networks with many identical finite state
		  processes",
    JOURNAL = "Information and Computation",
    YEAR = 1989,
    MONTH = Apr,
    VOLUME = 81,
    NUMBER = 1
}

@inBook{bib:BroyStreams,
   author =    {Manfred Broy},
   title =     {Program Design Calculi},
   chapter =   {(Inter-)Action Refinement: The Easy Way},
   publisher = {Springer-Verlag},
   year =      1993,
}

@ARTICLE{bib:BryantBDD,
    AUTHOR = "Randy E. Bryant",
    TITLE = "Graph-based Algorithms for {B}oolean function manipulation",
    JOURNAL = "IEEE Transactions on Computing",
    YEAR = 1986,
    NUMBER = 6
}

@Article{bib:BryantOBDDSurvey,
  author = 	 "Randy E. Bryant",
  title = 	 "Symbolic Boolean Manipulation with Ordered Binary
		  Decision Diagrams",
  journal = 	 "ACM Computing Surveys",
  year = 	 "1992",
  volume = 	 "24",
  number = 	 "3",
  pages = 	 "293-318"
}

@inProceedings{bib:BryantBMD,
   author =    {Randy E. Bryant and Y.-A. Chen},
   title =     {Verification of arithmetic functions with binary moment diagrams},
   booktitle = {Design Automation conference},
   pages =     {535-541},
   year =      1995
}

@INPROCEEDINGS{bib:BurchEfficientCircuits,
    AUTHOR = "J. R. Burch and E. M. Clarke and K. M. McMillan",
    TITLE = "Representing Circuits More Efficiently in Symbolic Model Checking",
    BOOKTITLE = "Proccedings of the 28th Design Automation Conference 1991",
    PAGES = "403-407",
    YEAR = 1991
}

@article{bib:CalvertPersistent,
   author =  	{Ken Calvert},
   title =  	{Eliminating Disjunctions of leads-to Properties},
   journal =  	IPL,
   volume =  	49,
   pages =  	{189-194},
   year =  	1994
}

@INPROCEEDINGS{bib:ClarkeSkeleton,
    AUTHOR = "Edmund M. Clarke and Ernest Allen Emerson",
    TITLE = "Design and Synthesis of Synchronization Skeletons for Branching Time
		  Temporal Logic",
    BOOKTITLE = "Logic of Programs: Workshop",
    YEAR = 1981,
    MONTH = may,
    SERIES = LNCS,
    VOLUME = 131
}

@ARTICLE{bib:ClarkeAbstraction,
	AUTHOR = "Edmund M. Clarke and Orna Grumberg and David E. Long",
	TITLE = "Model Checking and Abstraction",
	JOURNAL = TOPLAS,
	YEAR = 1994,
	NUMBER = 5
}

@unpublished{bib:ClarkeMultiplier,
   author = {Edmund M. Clarke and X. Zhao},
   title =  {Word-level symbolic model checking - a new approach for 
             verifying arithmetic circuits },
   note =   {to be published},
   year =   1996
}

@UNPUBLISHED{bib:CohenPersonal,
    AUTHOR = "Ernie Cohen",
    title =  "Personal Communications",
    YEAR = 1996
}

@ARTICLE{bib:KnappWlt, 
	AUTHOR = {E. Knapp}, 
	TITLE = {A Predicate Transformer for Progress}, 
	JOURNAL = IPL,
	VOLUME = {33},
	PAGES = {323--330},
	YEAR = {1990}
}  

@Book{bib:ConwayRegularAlgebra,
  author = 	 "John Horton Conway",
  title = 	 "Regular algebra and finite machines",
  publisher = 	 "Chapman and Hall",
  year = 	 "1971",
  address = 	 "London"
}

@INPROCEEDINGS{bib:CorsiniDDConstraint,
    AUTHOR = "M. M. Corsini and A. Rauzy",
    TITLE = "Symbolic model checking and constraint logic programming: a 
             cross-fertilization",
    BOOKTITLE = "Proceedings of the 5th European Symposium on Programming 
                 (Edinburgh, Scotland)",
    YEAR = 1994,
    SERIES = "LNCS",
    VOLUME = 788,
    MONTH = Apr
}

@inProceedings{bib:CoudertSymbolic,
   author =  {Olivier Coudert and Christian Berthet and Jean Christophe Madre},
   title =   {Verification of Synchronous Sequential Machines Based on Symbolic Execution},
   booktitle = {Proceedings of the Workshop on Automatic Verification Methods for 
                Finite State Systems},
   year =      1989,
   month =    jun
}

@inProceedings{bib:CoudertRestriction,
   author =  {Olivier Coudert and Jean Christophe Madre},
   title =   {A Unified Framework for the Formal Verification of Sequential Circuits},
   booktitle = {IEEE Int. Conference on CAD},
   year =      1990,
   month =    nov
}

@inProceedings{bib:CoudertCriticalTerm,
   author =  {Olivier Coudert and Jean Christophe Madre and Christian Berthet},
   title =   {Verification Temporal Properties of Sequential machines without
              Building their State Diagrams},
   booktitle = {Proceedings of the Workshop on Computer Aided Verification},
   year =      1990,
   month =    jun
}

@INPROCEEDINGS{bib:CuellarTLT,
    AUTHOR = "Jorge Cuellar and Isolde Wildgruber and Dieter Barnard",
    TITLE =	 "The Temporal Logic of Transitions",
    BOOKTITLE = "Formal Methods Europe (Barcelona, Spain)",
    YEAR = 	 1994
}

@Article{bib:DijkstraDuality,
  author = 	 "Rutger Dijkstra",
  title = 	 "{DUALITY}: A Simple Formalism for the Analysis of {UNITY}",
  journal = 	 FAC,
  year = 	 1995,
  volume = 	 7,
  number = 	 4,
  pages = 	 "353-388"
}

@article{bib:DijkstraGuarded,
   author =  {Edsger W. Dijkstra},
   title =   {Guarded Commands, Nondeterminacy, and the Formal Derivation of Programs},
   journal = {Communications of the ACM},
   volume =  8,
   pages =   {453-457},
   year =    1975
}

@inProceedings{bib:DillPartitioning,
   author =    {Alan J. Hu and David L. Dill},
   title =     {Efficient Verification with {BDD}s using Implicitely Conjoined Invariants},
   booktitle = {Proceedings of the 5th Conference on Computer Aided Verification},
   year =      1993
}


@INPROCEEDINGS{bib:EmersonNamjoshi,
	AUTHOR = "Ernest Allen Emerson and Kedar Namjoshi",
	TITLE = "Reasoning about Rings",
	BOOKTITLE = "Proceedings of the 22th Annual {ACM}
    			 Symposium on Principles of Programming Languages",
    YEAR = 1995
}

@INPROCEEDINGS{bib:EmersonSCTL,
	AUTHOR = "Ernest Allen Emerson and T. Sadler and J. Srinivasan",
	TITLE = "Efficient Temporal Reasoning",
	BOOKTITLE = "Proceedings of the 16th Annual {ACM}
    			 Symposium on Principles of Programming Languages",
    YEAR = 1989
}

@inBook{bib:EmersonTL,
   author =  	{Ernest Allen Emerson},
   title =  	{Handbook of Theoretical Computer Science},
   chapter =  	{Temporal and Modal Logic},
   publisher =  	{Elsevier Science Publishers},
   year =  	1990
}

@inProceedings{bib:EmersonFairCTL,
   author =    {Ernest Allen Emerson and C. L. Lei},
   title =     {Modalities for Model Checking: Branching Time Strikes Back},
   booktitle = {Proceedings of the {ACM} Symposium on Principles of
                Programming Languages},
   year =      1985
}


@ARTICLE{bib:EndersBDD,
    AUTHOR = "R. Enders and T. Filkorn and D. Taubner",
    TITLE = "Generating {BDD}s for symbolic model checking in {CCS}",
    JOURNAL = JDC,
    YEAR = 1993,
    MONTH = jun
}

@UNPUBLISHED{bib:FilkornPersonal,
    AUTHOR = "Thomas Filkorn",
    title =  "Personal Communications",
    YEAR = 1994
}


@PhdThesis{bib:GoldschlagThesis,
  author = 	 {David Moshe Goldschlag},
  title = 	 {Mechanically verifying concurrent programs},
  school = 	 {University of Texas at Austin},
  year = 	 {1992}
}

@book{bib:GordonHOL,
   author =    {M. J. C. Gordon and T. F. Melham},
   title =     {Introduction to {HOL}},
   publisher = {Cambridge University Press},
   year =      1993
}

@ARTICLE{bib:GrumbergComposition,
    AUTHOR = "Orna Grumberg and David E. Long",
    TITLE = "Model Checking and Modular Verification",
    JOURNAL = TOPLAS,
    YEAR = 1994,
    MONTH = may,
    VOLUME = 16,
    NUMBER = 3
}    

@Article{bib:GummProperties,
  author = 	 "H. Peter Gumm",
  title = 	 "Another glance at the {Alpern-Schneider}
		  characterization of safety and liveness in
		  concurrent executions",
  journal = 	 IPL,
  year = 	 1993,
  volume = 	 47,
  number =       6,
  pages = 	 "291-294",
  month =        Oct 
}

@Book{Boyer-Moore1,
  author =	 {Robert~S.~Boyer and J.~Strother~Moore},
  title = 	 {A Computational Logic Handbook},
  publisher = 	 {Academic Press},
  year = 	 1988
}

@Article{Boyer-Moore2,
  author = 	 {Robert~S.~Boyer and J.~Strother~Moore},
  title = 	 {The Addition of Bounded Quantification and Partial Functions to a Computational Logic and Its Theorem Prover},
  journal = 	 {Journal of Automated Reasoning},
  year = 	 1988,
  volume =	 4,
  number =	 2,
  pages =	 {117--172}
}

@INPROCEEDINGS{bib:GuptaLIBDD,
	AUTHOR = "Aarti Gupta and A. L. Fisher",
	TITLE = "Parametric Circuit Representation Using Inductive 
			 Boolean Functions",
	BOOKTITLE = "Proceedings of the 5th Conference on Computer
				 Aided Verification",
	YEAR = 1993,
	PUBLISHER = "LNCS 697"
}

@BOOK{bib:HellerMotif,
   AUTHOR = "Dan Heller",
   TITLE = "Motif Programming Manual",
   SERIES = "The Definitive Guides to the X Window System",
   VOLUME = 6,
   PUBLISHER = "O'Reilly \& Associates, Inc.",
   YEAR = 1992
}

@techReport{bib:HSIS,
   author =      {HSIS Development Group},
   title =       {{HSIS}: a {BDD}-based environment for formal verification},
   institution = {University of California at Berkeley},
   year =        1994
}

@Book{bib:HopcroftUllmanAutomata,
  author = 	 "John E Hopcroft and Jeffrey D Ullman",
  title = 	 "Introduction to Automata Theory, Languages, and Computation",
  publisher = 	 "Addison-Wesley",
  year = 	 "1979",
  address = 	 "Reading, Mass."
}

@INPROCEEDINGS{bib:IpSymmetry,
   AUTHOR = "C. N. Ip and D. L. Dill",
   TITLE = "Better Verification through Symmetry",
   BOOKTITLE = "International Conference on Computer Hardware Description
		  Languages",
   PAGES = {87-100},		  
   YEAR = 1993
}
	  
@UNPUBLISHED{bib:JainPersonal,
    AUTHOR = "Jawahar Jain",
    title =  "Personal Communications",
    YEAR = 1996
}

@inProceedings{bib:HungarCAV93,
   author =  	{Hardi Hungar},
   title =  	{Combining Model Checking and Theorem Proving to Verify 
                 Parallel Processes},
  booktitle = {Computer Aided Verification, 5th International Conference},
   year =  	1993,
}

@book{bib:JacobsonBasicAlgebraII,
   author =    {Nathan Jacobson},
   title =     {Basic Algebra {II}},
   publisher = {Freeman},
   year =      1980
}

@MANUAL{bib:KaltenbachUMCUserManual1.12,
	AUTHOR = "Markus Kaltenbach",
	TITLE = "The {UV} System, User's Manual",
	Note = "Revision 1.12",
	MONTH = nov,
	YEAR = 1994
}

@MANUAL{bib:KaltenbachUMCUserManual1.18,
	AUTHOR = "Markus Kaltenbach",
	TITLE = "The {UV} System, User's Manual",
	Note = "Revision 1.18",
	MONTH = Feb,
	YEAR = 1995
}

@TECHREPORT{bib:KaltenbachUMCManual,
    AUTHOR = "Markus Kaltenbach",
    TITLE = "Model Checking for {UNITY}",
    INSTITUTION = "The University of Texas at Austin",
    YEAR = 1994,
    NUMBER = "TR94-31",
    MONTH = dec
}

@Book{bib:KaltenbachLNCS,
  author = 	 "Markus Kaltenbach",
  title = 	 "Interactive Verification Exploiting Program Design
                  Knowledge: A Model-Checker for {UNITY}",
  publisher = 	 "Springer-Verlag",
  year = 	 1998,
  number = 	 1369,
  series = 	 "LNCS",
  note =         "to be published"		   
}

@article{bib:KozenMuCalculus,
   author =  {Dexter Kozen},
   title =   {Results on the Propositional Mu-Calculus},
   journal = {Theoretical Computer Science},
   pages =   {333-354},
   year =    1983
}


@INPROCEEDINGS{bib:KozenKleeneAlgebra,
   author = "Dexter Kozen",
   title = "On {Kleene} algebras and closed semirings",
   booktitle = "Proceedings, Math. Found. of Comput. Sci.",
   year = 1990,
   SERIES = LNCS,
   VOLUME = 452,
   PUBLISHER = "Springer-Verlag",
   PAGES = "26-47"
}


@Article{bib:KozenCompleteness,
  author = 	 "Dexter Kozen",
  title = 	 "A completeness theorem for {Kleene} Algebras and the
		  Algebra of Regular Events",
  journal = 	 "Information and Computation",
  year = 	 "1994",
  volume = 	 "110",
  number = 	 "2",
  pages = 	 "366-390",
  month = 	 may
}


@Book{bib:KurshanCAV,
  author = 	 {Robert P. Kurshan},
  title = 	 {Computer-Aided Verification of Coordinating Processes},
  publisher = 	 {Princeton Uiversity Press},
  year = 	 {1994},
  series = 	 {Princeton Series in Computer Science}
}

@inProceedings{bib:KurshanInduction,
   author =  	{R. P. Kurshan and Ken L. McMillan},
   title =  	{A structural induction theorem for processes},
   booktitle =  {Proceedings of the 8th ACM Symposium on 
                 Distributed Computing},
   year =  1989
}


@PhdThesis{bib:LongThesis,
  author = 	 {David E. Long},
  title = 	 {Model Checking, Abstraction, and Compositional Verification},
  school = 	 {Carnegie Mellon University},
  year = 	 {1993},
}

@Article{MannaDershowitz,
  author = 	 {Z. Manna and N. Dershowitz},
  title = 	 {Proving termination with multiset
ordering},
  journal = 	 {Communications of the ACM},
  year = 	 1979,
  volume =	 22,
  number =	 8,
  pages =	 {465--476},
  month =	 {Aug}
}

@INPROCEEDINGS{bib:LynchHierarchical,
   AUTHOR = {Nancy A. Lynch and M. R. Tuttle},
   title =   {Hierarchical Correctness Proofs for Distributed Algorithms},
   BOOKTITLE = "Proceedings of the 6th Annual ACM Symposium on Principles
                of Distributed Computing",
   YEAR = 1987
} 

@Book{bib:MannaPnueliSpecification,
  author = 	 {Zohar Manna and Amir Pnueli},
  title = 	 {The Temporal Logic of Reactive and Concurrent
		  Systems, Specification},
  publisher = 	 {Springer-Verlag},
  year = 	 {1992}
}

@Book{bib:MannaPnueliSafety,
  author = 	 {Zohar Manna and Amir Pnueli},
  title = 	 {Temporal Verification of Reactive Systems, Safety},
  publisher = 	 {Springer-Verlag},
  year = 	 {1995}
}

@BOOK{bib:McMillanSymbolicModelChecking,
   AUTHOR = "Ken L. McMillan",
   TITLE = "Symbolic Model Checking",
   PUBLISHER = "Kluwer",
   YEAR = 1993
}

@PHDTHESIS{bib:McMillanThesis,
	AUTHOR = "Ken L. McMillan",
	TITLE = "Symbolic Model Checking",
	SCHOOL = "Carnegie Mellon University",
	YEAR = 1992
}


@Misc{bib:NotesOnUNITY,
    AUTHOR = "Jayadev Misra and et. al.",
    TITLE =  "Notes on {UNITY}",
    INSTITUTION = "The University of Texas at Austin",
    YEAR = 1990
}

@unpublished{bib:MisraClosure,
   author = {Jayadev Misra},
   title =  {Closure Properties},
   note =   {unpublished manuscript}
}

@Comment duplicate entry: Notes-14
@Comment  ARTICLE{bib:MisraNoteSubstitutionAxiom,
@Comment      AUTHOR = "Jayadev Misra",
@Comment      TITLE = "Soundness of the Substitution Axiom",
@Comment      JOURNAL = NOTES,
@Comment      NUMBER = 14,
@Comment      YEAR = 1990
@Comment  }

@BOOK{bib:OusterhoutTclTk,
    AUTHOR = "John K. Ousterhout",
    TITLE = "{Tcl} and the {Tk} toolkit",
    PUBLISHER = "Addison-Wesley",
    YEAR = 1994,
    SERIES = "Professional Computing Series"
}

@ARTICLE{bib:PachlNoteLeadsTo,
    AUTHOR = "Jan Pachl",
    TITLE = "Three definitions of \emph{leads-to} for {UNITY}",
    JOURNAL = NOTES,
    NUMBER = 23,
    YEAR = 1990,
    MONTH = dec
}

@conference{bib:PixleySymbolic,
   author =    {Carl Pixley},
   title =     {A Computational Theory and Implementation of Sequential Hardware Equivalence},
   booktitle = {{CAV}'90 {DIMACS} Series},
   editor =    {R. Kurshan and E. Clarke},
   publisher = {{ACM}},
   year =      1990,
   month =     jun
}


@phdThesis{bib:PrasetyaStabilizing,
   author = {Wishnu Prasetya},
   title =  {Mechanically Supported Design of Self-Stabilizing Algorithms},
   school = {Rijksuniversiteit Utrecht},
   year =   1995
}

@InProceedings{bib:PrattKleeneAlgebra,
  author = 	 "Vaughan Pratt",
  title = 	 "Dynamic algebras as a well-behaved fragment of
		      relation algebras",
  editor = 	 "D. Pigozzi",
  booktitle = 	 "Conference on Algebra and Computer Science",
  series =       "LNCS",
  year = 	 "1988",
  publisher =    "Springer-Verlag",
  month = 	 jun
}

@InProceedings{bib:QuielleSifakis,
  author = 	 "J.P. Quielle and J. Sifakis",
  title = 	 "Specification and Verification of Concurrent Systems
		  in {CESAR}",
  booktitle = 	 "5th International Symposium on Programming",
  series =       "LNCS",
  volume =       137,
  year = 	 "1982",
  publisher =    "Springer-Verlag",
  month = 	 "Apr"
}

@TECHREPORT{bib:RamalingamIncrComplexity,
	AUTHOR = "G. Ramalingam and Thomas Reps",
	TITLE = "On the Computational Complexity of Incremental Algorithms",
	INSTITUTION = "University of Wisconsin at Madison",
	YEAR = 1991,
	NUMBER = 1033,
	MONTH = Aug,
	CALLNUMBER = "QA 76.952 W572M NO.1033 MAIN"
}

@TECHREPORT{bib:SchemeReport,
    AUTHOR = "Jonathan Rees and William Clinger",
    TITLE = "The Revised$^3$ Report on the Algorithmic Language {Scheme}",
    TYPE = "AI Memo",
    NUMBER = "848a",
    INSTITUTION = "Massachusetts Institute of Technology",
    ADDRESS = "Cambridge, Massachusetts",
    MONTH = Sep,
    YEAR = 1986
}

@ARTICLE{bib:RomanSWARM,
    AUTHOR = "H. C. Cunningham and Gruia-Catalin~Roman",
    TITLE = "A {UNITY}-Style Programming Logic for a Shared Dataspace
		  Language",
    JOURNAL = "IEEE Transactions on Parallel and Distributed Systems",
    YEAR = 1990,
    VOLUME = 1,
    NUMBER = 3
}

@inProceedings{bib:RudellDynamicOrdering,
   author =  {Richard Rudell},
   title =   {Dynamic Variable Ordering for Ordered Binary Decision Diagrams},
   booktitle = {{IEEE/ACM} Intenational Conference of Computer Aided Design},
   year =      1993
}

@Manual{bib:ShankarPVS,
  title = 	 {User Guide for the PVS Specification and
                  Verification System (Beta Release)},
  author = 	 {S. Owre and N. Shankar and J. M. Rushby},
  organization = {Computer Science Laboratory, SRI International},
  address = 	 {Menlo Park, CA},
  year = 	 {1993},
  month = 	 {Feb},
  note = 	 {Three volumes: Language, System, and Prover
                  Reference Manuals}
}

@inProceedings{bib:ShankarModelProofChecking,
   author =  	{S. Rajan and N. Shankar and M. K. Srivas},
   title =  	{An Integration of Model Checking with Automated Proof
                  Checking},
   booktitle = 	{Computer Aided Verification, {CAV'95}},
   series =     {LNCS},
   volume =     939,
   pages =      {84-97},
   month =      jun,
   year =  	1995
}

@TechReport{bib:STeP,
  author = 	 {Zohar Manna and others},
  title = 	 {{SteP}: the Stanford Temporal Prover},
  institution =  {Stanford University},
  year = 	 {1994},
  number = 	 {STAN-CS-TR-94-1518}
}

@book{bib:StoyDenotationalSemantics,
   author =    {Joseph E. Stoy},
   title =     {Denotational Semantics: The Scott-Strachey Approach to 
                Programming Language Theory},
   publisher = {MIT Press},
   year =      1981
}

@article{bib:TarskiKnaster,
   author =  {A. Tarski},
   title =   {A lattice-theoretical fixpoint theorem and its application},
   journal = {Pacific Journal of Mathematics},
   volume =  5,
   pages =   {285-309},
   year =    1955
}

@ARTICLE{bib:UdinkKokUNITYExecutions,
    AUTHOR = "R. T. Udink, J. N. Kok",
    TITLE = "{UNITY} properties and sequences of states, some observations",
    JOURNAL = IPL,
    YEAR = 1993,
    VOLUME = 47,
    NUMBER = 6,
    PAGES = "307-311",
    MONTH = Oct
}

@Book{bib:WechlerUniversalAlgebra,
  author = 	"Wolfgang Wechler",
  title = 	"Universal Algebra for Computer Scientists",
  publisher = 	"Springer",
  year = 	"1992",
  editor = 	"Wilfried Brauer and Grzegorz Rosenberg and Arto Salomaa",
  volume = 	"25",
  series = 	"WATCS Monographs on Theoretical Computer Science"
}

%%=======End of Markus Kaltenbach's dissertation bibliography file====

@Article{McCann,
  author =  {Peter J. McCann and Gruia-Catalin Roman},
  title =   {Compositional Programming Abstractions for Mobile Computing},
  journal = {IEEE Transactions on Software Engineering},
    VOLUME = 24,
    NUMBER = 2,
  year =    1998,
    PAGES = "97-110",
    MONTH = Feb
}



@Article{Creveuil-Roman,
  author = 	 {C.~Creveuil and Gruia-Catalin~Roman},
  title = 	 {Formal Specification and Design of a
Message Router},
  journal = 	 {ACM Transactions on Software Engineering 
and Methodology},
  year = 	 1994,
  volume =	 3,
  number =	 4,
  pages =	 {271--307},
  month =	 {Oct}
}

@Article{LazyCaching,
    author = 	 "Yehuda Afek and George Brown and Michael Merritt",
    title = 	 "Lazy Caching",
    journal =	 "TOPLAS",
    year =	 1993,
    volume =	 15,
    number =	 1,
    pages =	 "182--206",
    month =	 "Jan"
}

% The following is not exact
@Article{FLP, 
  author = 	 {Fischer, Lynch and Patterson}, 
  title = 	 {Robust Commit}, 
  journal = 	 {Journal of the ACM},
  year = 	 1985,
  volume =	 32,
  number =	 2,
  month =	 {Apr},
  pages =	 {374--382}
}

@Article{ichbiah,
  author = 	 {J.D. Ichbiah and others},
  title = 	"Rationale for the design of the {A}da programming language",
  journal = 	 {SIGPLAN Notices, Part B},
  year = 	 1979,
  volume =	 14,
  number =	 6,
  month =	 {June}
}

% Statechart of Harel:
% Basic paper: Science of Computer Programming in 1987
% more accessible but much less detailed: "On VisFormalisms" , CACM in 1988
% "Biting the SIlver Bullet", IEEE COMPUTER magazine in Jan 1992



@Book{Harel-politi,
  author =	 {David Harel and Michal Politi},
  title = 	 {Modeling Reactive Systems with Statecharts},
  publisher = 	 {McGraw-Hill},
  year = 	 1998
}

@UNPUBLISHED{pcrj,
    AUTHOR = "Rajeev Joshi",
    title =  "Personal Communication",
    YEAR = 1996
}

@inproceedings{ajlm,
author      = "Lorenzo Alvisi and Rajeev Joshi and Calvin Lin and Jayadev Misra",
title       = "Seuss: What the Doctor Ordered",
booktitle   = "Second International Workshop on Software Engineering for 
	       Parallel and Distributed Systems",
year        = 1999,
pages       = "284--290"}

@Unpublished{joshi98,
  author = 	 "Rajeev Joshi",
  title = 	 {Counterpoint: A {UNITY} proof with pure nondeterminism},
  note = 	 {RJ 09:0},
  month =	 {Mar},
  year =	 1998
}

@Unpublished{java-seuss,
  author = 	 "Rajeev Joshi",
  title = 	 {Seuss for {J}ava: language reference},
  note = 	 {University of Texas at Austin},
  month =	 {Feb},
  year =	 1998
}


@MastersThesis{Kruger,
  author = 	 {Ingolf H. Kr\"{u}ger},
  title = 	 {An Experiment in Compiler Design for a Concurrent Object-based Programming Language},
  school = 	 {University of Texas at Austin},
  year = 	 1996
}

@TechReport{joshi-misra-impossibility,   
  author = 	 {Rajeev Joshi and Jayadev Misra},
  title = 	 {On the Impossibility of Robust Solutions for Fair Resource allocation},
  institution =  {University of Texas at Austin, Department of Computer Sciences},
  year = 	 1999,
  type =	 {Technical Report},
  number =	 {CS-TR-99-14},
  month =	 {June},
  note  = "Available for download at {\tt ftp://ftp.cs.utexas.edu/pub/techreports/tr99-14.ps.Z}",
} 

@Article{joshi-misra-maximal,
  author = 	 {Rajeev Joshi and Jayadev Misra},
  title = 	 {Maximally Concurrent Programs},
  journal = 	 FAC,
  year = 	 2000,
  volume =	 12,
  number =	 2,
  pages =	 {100-119}
}

@InProceedings{joshi-misra-maximal-podc,
  author = 	 {Rajeev Joshi and Jayadev Misra},
  title = 	 {Toward a Theory of Maximally Concurrent Programs},
  booktitle = 	 {Proc. 19th ACM SIGACT/SIGOPS Symposium on Principles of Distributed Systems (PODC '2000)},
  year =	 2000,
  month =	 {July}
}

@PhdThesis{dis:joshi,
  author = 	 {Rajeev Joshi},
  title = 	 {Immediacy: A Technique for Reasoning about Asynchrony},
  school = 	 {University of Texas at Austin},
  year = 	 1999,
  month =	 {Dec}
}

@PhdThesis{dis:Adams,
  author = 	 {William Adams},
  title = 	 {Untangling the Threads: Reduction for a Concurrent Object-Based Programming Model},
  school = 	 {University of Texas at Austin},
  year = 	 2000,
  month =	 {Aug}
}

%The journal below uses issue numbers only and no volume number.

@Article{misra-sa, 
  author = 	 {Jayadev Misra}, 
  title = 	 {A Logic for the Design of MultiProgramming Systems}, 
  journal = 	 {South African Computer Journal},
  year = 	 1999,
  number =	 22,
  month =	 {Mar},
  pages =	 {32--46}
}

@Article{shiloach-gf, 
  author = 	 {A. J. M. van {G}asteren and W. H. J. {F}eijen}, 
  title = 	 {Shiloach's Algorithm, Taken as an exercise in presenting programs}, 
  journal = 	 {Nieuw Archief Voor Wiskunde},
  year = 	 1982,
  volume =	 "xxx",
  number =	 3,
  pages =	 {277--282}
}

@Article{shiloach, 
  author = 	 {Yossi Shiloach}, 
  title = 	 {A fast equivalence-checking algorithm for circular lists}, 
  journal = 	 IPL,
  year = 	 1979,
  volume =	 8,
  number =	 5,
  pages =	 {236--238}
}

@InProceedings{Lamport83,
  author = 	 "Leslie Lamport",
  title = 	 "What Good is Temporal Logic?",
  booktitle = 	 "Information Processing 83: Proceedings of the IFIP 9th World Congress",                
  pages =	 "657--668",
  year =	 1983,
  editor =	 "R. E. A. Mason",
  month =	 {Sep},
  organization = "IFIP",
  publisher =	 "North-Holland"
}

@Book{gkp,
  author =	 {Ronald L. Graham and Donald E. Knuth and Oren Patashnik},
  title = 	 {Concrete Mathematics},
  publisher = 	 {Addison-Wesley Publishing Company},
  year = 	 1989
}

@Book{Benes,
  author =	 {V. E. Benes},
  title = 	 {Mathematical Theory of Connecting Networks and Telephone Traffic},
  publisher = 	 {Academic Press},
  year = 	 1965,
  address =	 {New York}
}

@Article{Clos,
  author = 	 {C. Clos},
  title = 	 {A Study of Non-blocking switching networks},
  journal = 	 {Bell Syst. Tech. J.},
  year = 	 1953,
  volume =	 32,
  pages =	 {406--424}
}

@Article{WuFeng,
  author = 	 {C. Wu and T. Feng},
  title = 	 {On a class of multistage interconnection networks},
  journal = 	 {IEEE Trans. on Computers},
  year = 	 1980,
  volume =	 {C-29},
  pages =	 {694--702}
}

@Article{Agrawal,
  author = 	 {D.P. Agrawal},
  title = 	 {Graph Theoretic Analysis and design of multistage interconnection networks},
  journal = 	 {IEEE Trans. on Computers},
  year = 	 1983,
  volume =	 {C-32},
  pages =	 {637--648}
}

@inproceedings{McIlroy98,
        author = {M. D. McIlroy and J. P. Savicki},
        title = { Isomorphism of classical rearrangeable networks },
        booktitle = { Advances in Switching Networks },
        editor = {D.-Z. Du and F. K. Hwang },
        volume = 42,
        publisher = {American Math. Soc. },
        series = { {DIMACS} Series in Discrete Math. and Theoretical Comp. Sci.},
        address = {Providence },
        year = 1998,
        pages = {147--156}
} 

@Misc{digibox,
  author =	 {Olin Sibert and David Bernstein and David Van Wie},
  title =	 
    {Securing the content, not the wire, for information commerce},
  howpublished = {Available at {\tt http://www.star-lab.com/secure-the-content.html}},
  note =	 {Intertrust Technologies Corporation}
}

@Misc{cryptolope,
  author =	 {Marc A. Kaplan},
  title =	 
{{IBM} {C}ryptolpes\raisebox{.6ex}{\sc TM}, {S}uper{D}istribution and Digital Rights Management},
  howpublished = {Available at {\tt http://www.research.ibm.com/people/k/kaplan}},
  month =	 {Dec},
  year =	 1996,
  note =	 {{IBM} Corporation}
}

@phdthesis{Andersen92b,
      author    = "Andersen, Flemming",
      title     = "{A Theorem Prover for {UNITY} in Higher Order Logic}",
      school    = "Technical University of Denmark",
      year      = 1992,
      note      = "Also published as TFL RT 1992-3."
}

@inproceedings{APP94a,
      author    = "Andersen, Flemming and Petersen, Kim Dam and
                   Pettersson, Jimmi S.",
      title     = "{A graphical tool for proving {UNITY} progress}",
      publisher = "Springer-Verlag",
      series    = "LNCS",
      volume    =  859,
      year      = 1994,
      booktitle = "{1994 International Tutorial and Workshop on the
                       HOL Theorem Proving System and Its Applications}"
}

@inproceedings{APP93a,
      author    = "Flemming Andersen and Kim Dam Petersen and 
                   Jimmi S. Pettersson",
      title     = "{Program verification using {HOL-UNITY}}",
      publisher = "Springer-Verlag",
      series    = "LNCS",
      volume    =  780,
      booktitle = "{HUG'93: HOL User's Group Workshop}",
      year      = 1993,
      pages     = "1-17"
}

@techreport{ABKPP96,
      author    = "Andersen, Flemming and Binau, Ulla and Nyblad,
                  Karsten and Petersen, Kim Dam and Pettersson Jimmi S.",
      title     = "{A Verified ATM Adaptation Layer Protocol}",
      institution = "Tele Danmark Research",
      type      = "Technical Report",
      year      = 1996
}

@Book{Apt_Olderog,
  author =	 {Krzysztof R. Apt and Ernst-R\"{u}diger Olderog},
  title = 	 {Verification of {S}equential and {C}oncurrent {P}rograms},
  publisher = 	 {Springer-Verlag},
  year = 	 1997
}


@Article{Smolka94,
  author = 	 {Rajiv Gupta and Scott A. Smolka and Shaji Bhaskar},
  title = 	 {On {R}andomization in {S}equential and {D}istributed {A}lgorithms},
  journal = 	 "ACM Computing Surveys",
  year = 	 1994,
  volume =	 26,
  number =	 1,
  pages =	 {7--86},
  month =	 {Mar}
}

@InProceedings{CanettiRabin,
  author = 	 {Ran Canetti and Tal Rabin},
  title = 	 {Fast {A}synchronous {B}yzantine {A}greement with {O}ptimal {R}esilience},
  booktitle = 	 {Proc. of 25th {ACM STOC}},
  pages =	 {42--51},
  year =	 1993
}

@Article{Peterson:mutex,
  author = 	 {G.L. Peterson},
  title = 	 {Myths about the Mutual Exclusion Problem},
  journal = 	 {Information Processing Letters},
  year = 	 1981,
  volume =	 12,
  number =	 3,
  pages =	 {115--116},
  month =	 {June}
}

@INPROCEEDINGS{Doeppner, 
	AUTHOR =  "Thomas W. {Doeppner Jr.}",
	TITLE = {Parallel Program Correctness Through Refinement}, 
	BOOKTITLE = {Proc. 4th Annual ACM Symposium on Principles of Programming Languages}, 
	MONTH = {Jan}, 
	YEAR = {1977}, 
	PAGES = {155--169}
}

@Article{Alain1983,
  author = 	 {Alain Martin},
  title = 	 {A General proof rule for procedures in predicate
transformer semantics},
  journal = 	 {Acta Informatica},
  year = 	 1983,
  volume =	 20,
  pages =	 {301--313}
}

@Book{MacLaneBirkhoff,
  author =	 {Saunders MacLane and Garrett Birkhoff},
  title = 	 {Algebra},
  publisher = 	 {Macmillan},
  year = 	 1970
}

@Article{AL-Refinement,
  author = 	 "Mart\'{\i}n Abadi and Leslie Lamport",
  title = 	 "The Existence of Refinement Mappings",
  journal =	 "Theoretical Computer Science",
  year =	 1991,
  volume =	 82,
  number =	 2,
  pages =	 "253--284",
  month =	 "May"
}

@article{Lamport:mutex,
	AUTHOR = {Leslie Lamport},
	TITLE = {A Fast Mutual Exclusion Algorithm},
	JOURNAL = TOCS,
	YEAR = 1987,
	VOLUME = 5,
	NUMBER = 1,
	PAGES = {1--11},
	MONTH = feb
}

@InProceedings{Meseguer00,
  author = 	 {Jos\'{e} Meseguer},
  title = 	 {Rewriting Logic and {M}aude: Concepts and Applications},
  booktitle = 	 {Proc. {RTA} 2000},
  year =	 2000,
  series =	 {LNCS},
  volume =       {1833},
  pages =        {1--26},
  publisher =	 {Springer-Verlag}
}
@Book{LawKelton,
  author =	 {Averill M. Law and W. David Kelton},
  title = 	 {Simulation Modeling and Analysis,3/e},
  publisher = 	 {McGraw Hill},
  year = 	 2000
}

@Article{Gafni1981,
  author = 	 {Eli Gafni and Dimitri P. Bertsekas},
  title = 	 {Distributed Algorithms for generating loop-free routes in networks with frequently changing topology},
  journal = 	 {IEEE Trans. Communication},
  year = 	 1981,
  volume =	 {com-29},
  number =	 1,
  pages =	 {11--18},
  month =	 {Jan}
}

@Article{Gafni1989,
  author = 	 {Valmir Barbosa and Eli Gafni},
  title = 	 {Concurrency in Heavily loaded Neighborhood-Constrained Systems},
  journal = 	 {TOPLAS},
  year = 	 1989,
  volume =	 11,
  number =	 4,
  pages =	 {562--584},
  month =	 {Oct}
}

@INPROCEEDINGS{bib:ColletteTAPS,
   author =  	{Pierre Collette},
   title =  	{Application of the composition principle to {UNITY}-like specifications},
   booktitle = 	{Theory and Practice of Software Development},
   year =  	1993,
   VOLUME = {LNCS 668},
   PUBLISHER = {Springer-Verlag}
}

@Article{Collette1994,
  author = 	 {Pierre Collette},
  title = 	 {Composition of Assumption-Commitment Specifications in a {UNITY} Style},
  journal = 	 {Science of Computer Programming},
  year = 	 1994,
  volume =	 23,
  number =	 {2-3},
  pages =	 {107--125}
}

@Article{Collette1997,
  author = 	 {Pierre Collette and Edgar Knapp},
  title = 	 {A Foundation for Modular Reasoning About Safety and Progress Properties of State-Based
    Concurrent Programs},
  journal = 	 {TCS},
  year = 	 1997,
  volume =	 183,
  number =	 2,
  pages =	 {253--279}
}

@Article{Collette1995,
  author = 	 {Pierre Collette and Edgar Knapp},
  title = 	 {Logical Foundations for Compositional Verification and Development of Concurrent Programs in {UNITY}},
  journal = 	 {AMAST},
  year = 	 1995,
  pages =	 {353--367}
}

@InProceedings{AbramsPageNance,
  author = 	 {Marc Abrams and Ernest H. Page and Richard E. Nance},
  title = 	 {SIMULATION PROGRAM DEVELOPMENT BY STEPWISE
                                   REFINEMENT IN {UNITY}},
  booktitle = 	 {Proceedings of the {W}inter {S}imulation {C}onference},
  pages =	 {233--242},
  year =	 1991,
  month =	 {Dec}
}

@InProceedings{CharpentierChandy,
  author = 	 {M. Charpentier and K.~Mani~Chandy},
  title = 	 {Towards a compositional approach to the design and verification of distributed systems},
  booktitle = 	 {World {C}ongress on {F}ormal {M}ethods in the {D}evelopment of {C}omputing {S}ystems, {FM} '99},
  pages =	 {570--589},
  year =	 1999,
  editor =	 {J.~M.~Wing and J.~Woodcock and J.~Davies},
  VOLUME =       {LNCS 1708},
  publisher =	 {Springer-Verlag}
}

@InProceedings{HeydCregut,
  author = 	 {B. Heyd and P. Cr\'{e}gut},
  title = 	 {A modular coding of {UNITY} in {COQ}},
  booktitle = 	 {{T}heorem {P}roving in {H}igher {O}rder {L}ogics, {TPHOLs} '96},
  pages =	 {251--266},
  year =	 1996,
  editor =	 {J.~Grundy and J.~Harrison},
  VOLUME =       {LNCS 1125},
  PUBLISHER =    {Springer-Verlag}  
}

@Book{Schneider97,
  author =	 {Fred B. Schneider},
  title = 	 {On Concurrent Programming},
  publisher = 	 {Springer-Verlag},
  year = 	 1997,
  address =	 {New York}
}


@InCollection{lamport85,
  author = 	 {Leslie Lamport},
  title = 	 {Basic concepts},
  booktitle = 	 {Distributed Systems\*-Methods and Tools for Specification},
  publisher =	 {Springer-Verlag},
  year =	 1985,
  editor =	 {M. Paul and H.J. Siegert},
  volume =	 {LNCS 190}
}

@TechReport{rgd,
  author = 	 {V. Ramachandran and B.Grayson and M. Dahlin},
  title = 	 {Emulations between {QSM}, {BSP} and {LogP}: {A} framework for general-purpose parallel algorithm design},
  institution =  {University of Texas at Austin},
  year = 	 1998,
  number =	 {TR98-22, CS Dept.},
  month =	 {Nov},
  note =	 {Summary in Proc. ACM-SIAM SODA'99}
}

@ARTICLE(BaKu88:toplas,
AUTHOR = " Ralph-Johan R. Back and Reino Kurki-Suonio",
TITLE = " Distributed Co-operation with Action Systems",
JOURNAL = TOPLAS,
YEAR = 1988,
volume = 10,
pages = "513--554",
month = "Oct"
)

@ARTICLE(BaKu89:decentralization,
AUTHOR = "Ralph-Johan R. Back and Reino Kurki-Suonio",
TITLE = " Decentralization of process nets with centralized  control",
JOURNAL = "Distributed Computing",
volume = 3,
number = 2,
pages = "73--87",
YEAR = 1989
)

@INPROCEEDINGS(BaSe89:actions,
AUTHOR = "Ralph-Johan R. Back and K. Sere",
TITLE = " Refinement of Action Systems",
BOOKTITLE = " Mathematics of Program Construction",
series = "Lecture Notes in Computer Science",
volume = 375,
YEAR = 1989,
publisher = {Springer-Verlag},
month = "June"
)

@INPROCEEDINGS(Back89:atomicity,
AUTHOR = "Ralph-Johan R. Back",
TITLE = " Refining Atomicity in Parallel Algorithms",
BOOKTITLE = "PARLE 89  Parallel Architectures and Languages Europe",
series = "Lecture Notes in Computer Science",
volume = 366,
YEAR = 1989,
editors = "E. Odijk and M. Rem and J. -C. Syre",
publisher = {Springer-Verlag},
month = "June"
)

@INPROCEEDINGS(Back90:part2,
AUTHOR = "Ralph-Johan R. Back",
TITLE = " Refinement Calculus {II}: Parallel and Reactive Programs",
YEAR =1990,
BOOKTITLE = "Stepwise Refinement of Distributed Systems",
editor = "J. W. deBakker and W. P. deRoever and G. Rozenberg",
pages = "67--93",
series = "Lecture Notes in Computer Science",
volume = 430,
publisher = {Springer-Verlag}
)

@Book{acs,
 editor       = {M. Kaufmann and P. Manolios and J.~Strother~Moore},
 title        = "{Computer-Aided Reasoning:  {ACL2} Case Studies}",
 publisher    = "Kluwer Academic Press",
 year         = "2000"
}

If you want a citation saying what ACL2 is and how it works (at a high level)
use

@Book{car,
 author       = {M. Kaufmann and P. Manolios and J.~Strother~Moore},
 title        = "{Computer-Aided Reasoning:  An Approach}",
 publisher    = "Kluwer Academic Press",
 year         = "2000"
}

@Article{cantor00, 
  author = 	 {Edsger W. Dijkstra and Jayadev Misra}, 
  title = 	 {Designing a Calculational Proof of Cantor's Theorem}, 
  journal = 	 {American Mathematical Monthly},
  year = 	 2000,
  note =         {to appear}
}

@Book{goodrich-tamassia,
  author =	 {Michael T. Goodrich and Roberto Tamassia},
  title = 	 {Data Structures and Algorithms in Java},
  publisher = 	 {John Wiley and Sons, Inc.},
  year = 	 1998
}

@Article{FLP85,
  author = 	 {M. Fischer and N. Lynch and M. Paterson},
  title = 	 {Impossibility of distributed consensus with one faulty process},
  journal = 	 {Journal of the ACM},
  year = 	 1985,
  volume =	 32,
  number =	 2,
  pages =	 {374--382}
}

@Misc{Haskell-98,
  key = 	 {Haskell Language Report},
  title =	 {Haskell 98: A Non-strict, Purely Functional Language},
  year =	 1999,
  howpublished = {Available at {\tt http://haskell.org/onlinereport}}
}

@Misc{GentleIntroHaskell,
  title =	 {A {G}entle {I}ntroduction to {H}askell, {V}ersion 98},
  author=        {Paul Hudak and Jon Peterson and Joseph Fasel},
  year =	 2000,
  howpublished = {Available at {\tt http://www.haskell.org/tutorial/}}
}

@Misc{RichardsHaskell,
  title =	 {Overhead Foils for Lectures on {H}askell},
  author=        {Ham Richards},
  year =	 2002,
  howpublished = {Available at {\tt http://www.cs.utexas.edu/users/ham/CS378Slides.pdf}}
}

@Book{PIcalculus,
  author =	 {Robin Milner},
  title = 	 {Communicating and Mobile Systems: the $\pi$-Calculus},
  publisher = 	 {Cambridge University Press},
  year = 	 1999,
  month =	 {May}
}

@InProceedings{Ambient,
  author = 	 {Luca Cardelli},
  title = 	 {Mobility and {S}ecurity},
  booktitle = 	 {Proceedings of the NATO Advanced Study Institute on Foundations of Secure Computation},
  pages =	 {3--37},
  year =	 2000,
  editor =	 {Friedrich L. Bauer and Ralf Steinbr\"{u}ggen},
  series =	 {NATO Science Series},
  publisher =	 {IOS Press}
}


@Misc{.Net,
    key = 	 {{M}icrosoft .{N}et initiative},
  title =	 {A list of References on {M}icrosoft .{N}et initiative},
  howpublished = {\\ {\tt http://directory.google.com/Top/Computers/Programming/Component\_Frameworks/NET/}},
  year =	 2001
}

@Misc{reflection,
  title =	 {Java reflection (API)},
  howpublished = {\\ {\tt http://java.sun.com}},
  year =	 2001
}

@Misc{sql,
  key =		 {{M}icrosoft {SQL} Server},
  title =	 {The home page for {M}icrosoft {SQL} Server},
  howpublished = {\\ {\tt http://www.microsoft.com/sql/default.asp}},
  year =	 2001
}



@Misc{xml,
  key =		 {Extensible Markup Language ({XML})},
  title =	 {Main page for {W}orld {W}ide {W}eb {C}onsortium ({W3C}) {XML} activity and information.},
  howpublished = {\\ {\tt http://www.w3.org/XML/}},
  year =	 2001
}

@InProceedings{FTCS95,
  author =       {H. M. Vin and P. J. Shenoy and S. Rao},
  title =        {Efficient Failure Recovery in Multi-Disk Multimedia
                  Servers},
  booktitle =  "Proceedings of the 25th International Symposium on
                  Fault Tolerant Computing Systems, Pasadena, CA",
  month = {June},
  pages = {12-21},
  year =         "1995",
}

@InProceedings{SIGMETRICS98,
  author =       {P  Shenoy and H M. Vin},
  title =        {Cello: A Disk Scheduling Framework for Next Generation
Operating Systems},
  booktitle =    {Proceedings of ACM SIGMETRICS Conference, Madison, WI},
  pages     =    {44-55},
  month =        {June},
  year ={1998}
}

@InProceedings{MMCN98,
author={ P J. Shenoy and P. Goyal and S S. Rao and H M. Vin},
title={Symphony: An Integrated Multimedia File System},
booktitle={Proceedings of the SPIE/ACM Conference on Multimedia
Computing and Networking (MMCN'98), San Jose, CA},
pages={124--138},
month={Jan},
year={1998}
}

@PhdThesis{Shenoy98d,
  author =       {P. Shenoy},
  title =        {Symphony: An Integrated Multimedia File System},
  school =       {The University of Texas at Austin},
  year =         {1998},
  address =      {Austin, TX},
  month =        {Aug}
}

@inproceedings{Infocom96,
author={P. Goyal and H. M. Vin and C. Chen and P.J. Shenoy},
title={A Reliable, Adaptive Network Protocol for Video Transport},
booktitle={Proceedings of IEEE INFOCOM'96, San Francicso, CA},
pages={1080-1090},
month={Mar},
year={1996}
}


@inproceedings{sfq-Sigcomm96,
AUTHOR          = {P. Goyal and H. M. Vin and H. Cheng},
TITLE           = {Start-time Fair Queuing: A Scheduling Algorithm for
Integrated Services Packet Switching Networks},
BOOKTITLE       = {Proceedings of ACM SIGCOMM'96},
pages = {157-168},
MONTH           = {Aug},
YEAR            = 1996,
}

@inproceedings{GGR,
author          = {P. Goyal and H. M. Vin},
title          = { Generalized Guaranteed Rate Scheduling Algorithms: A
Framework },
booktitle       = {IEEE/ACM Transactions on Networking },
year            ={Aug 1997},
}

@inproceedings{OSDI96,
author={P. Goyal and X. Guo and H.M. Vin},
title={A Hierarchical {CPU} Scheduler for Multimedia Operating Systems},
booktitle={Proceedings of Operating System Design and Implementation
                  (OSDI'96), Seattle},
month={Oct},
pages={107-122},
year={1996}
}

@inproceedings{ACMMM00,
author={V Sundaram and A. Chandra and P. Goyal and P. Shenoy and
J Sahni and H Vin},
title={Application Performance in the {QL}inux Multimedia Operating System},
booktitle={Proceedings of the Eighth ACM Conference on Multimedia,
Los Angeles, CA},
month={Nov},
year={2000}
}


@Misc{websphere,
  key =		 {IBM WebSphere Application Server},
  title =	 {The home page for {IBM}'s {webSphere} Application Server},
  howpublished = {\\ {\tt http://www-4.ibm.com/software/webservers/appserv}},
  year =	 2001
}

@Misc{corba,
  key =		 {{C}ORBA},
  title =	 {The home page for {C}ORBA},
  howpublished = {\\ {\tt http://www.corba.org}},
  year =	 2001
}

@Book{clr,
  author =	 {Thomas H. Cormen and Charles E. Leiserson and Ronald L. Rivest and Clifford Stein},
  title = 	 {Introduction to {A}lgorithms},
  publisher = 	 {McGraw {H}ill and {MIT} press},
  year = 	 2001,
  edition =	 {Second}
}

@Article{byzantine,
  author = 	 {Leslie Lamport and Robert Shostak and Marshall Pease},
  title = 	 {The {B}yzantine {G}enerals {P}roblem},
  journal = 	 {TOPLAS},
  year = 	 1982,
  volume =	 4,
  number =	 3,
  pages =	 {382--401},
  month =	 {July}
}

@Misc{Chaff,
  key =		 {The {C}haff {SAT} solver},
  title =	 {The home page for The {mChaff} and {zChaff} SAT solvers},
  howpublished = {\\ {\tt http://www.ee.princeton.edu/\verb+~chaff+/software.php}},
  year =	 2002
}

@Misc{CCalc,
  key =		 {The Causal {C}alculator},
  title =	 {The home page for {T}he {C}ausal {C}alculator, {CCalc}},
  howpublished = {\\ {\tt http://www.cs.utexas.edu/users/tag/cc/}},
  year =	 1997
}

@misc{ChaffHomePage,
    title = "{CHAFF}~Satisfiability Solver",
    author = {{SAT} Research at Princeton Home Page},
    howpublished = "http://www.ee.princeton.edu/$\sim$chaff"
}

@inproceedings{ChaffPaper,
  author = "Matthew W. Moskewicz and Conor F. Madigan and Ying Zhao and Lintao Zhang and Sharad Malik",
  title = "{Chaff: Engineering an Efficient SAT solver}",
  booktitle = "Proceedings of the 39th Design Automation Conference",
  month = Jun,
  year = "2001"
}

@article{KautzSelman,
    author = "Henry Kautz and Bart Selman",
    title = {Planning as satisfiability},
    journal = "Proceedings of the 10th European Conference on Artificial Intelligence (ECAI 92)",
    year = 1992
}

@article{SilvaSakallah,
    author = "J. Marques-Silva and K.A.Sakallah",
    title = {Boolean satisfiability in electronic design automation},
    journal = "Proceedings of the ACM/IEEE Design Automation Conference",
    month = Jun,
    year = 2000
}

@article{SatFPGA,
    author = "G.-J.Nam and K.A.Sakallah and R.Rutenbar",
    title = {Satisfiability based {FPGA} routing},
    journal = "Proceedings of the International Conference on VLSI Design",
    month = Jan,
    year = 1999
}

@phdthesis{Larrabee,
author = "Tracy Larrabee",
title = "Efficient generation of test patterns using boolean satisfiability",
year = "1990",
school = "Stanford University",
}

@article{Knuth1984a,
author = {Donald E. Knuth},
journal = CACM,
month = {Apr},
number = 4,
pages = {344-348},
title = {{The Complexity of Songs}},
volume = 27,
year = 1984
}
 
"A Mathematical Theory of
Communication", The Bell System Technical Journal (27), pp. 379-423,
623-656.  

@Article{Shannon1,
  author = 	 {Claude E. Shannon},
  title = 	 {A Mathematical Theory of Communication},
  journal = 	 {The Bell System Technical Journal},
  year = 	 1948,
  volume =	 27,
  pages =	 {379-423}
}

@article{Shannon2,
  author = 	 {Claude E. Shannon},
  title = 	 {Prediction and Entropy of Printed {E}nglish},
  journal = 	 {The Bell System Technical Journal},
  year = 	 1950,
  volume =	 30,
  pages =	 {50-64}
}




@Article{LZ,
  author = 	 {J. Ziv and A. Lempel},
  title = 	 {Compression of individual sequences via variable-rate coding},
  journal = 	 {IEEE {T}ransactions on {I}nformation {T}heory},
  year = 	 1978,
  volume =	 {IT-24},
  number =	 5,
  pages =	 {530--536},
  month =	 {Sept.}
}

@TechReport{BW,
  author = 	 {M. Burrows and D. J. Wheeler},
  title = 	 {A {B}lock-sorting {L}ossles {D}ata {C}ompression {A}lgorithm},
  institution =  {Digital, SRC Research Report},
  year = 	 1994,
  number =	 124,
  month =	 {May}
}

@Article{algSeq,
  author = 	 {Jayadev Misra},
  title = 	 {A Technique of Algorithm Construction on Sequences},
  journal = 	 {IEEE, TSE},
  year = 	 1978,
  month =	 {Jan}
}

@InBook{ProgPearls,
  author =	 {John Bentley},
  title = 	 {Programming Pearls},
  chapter = 	 {8},
  publisher = 	 {Addison-Wesley},
  year = 	 2000,
  address =	 {Reading, MA},
  OPTedition = 	 {Second},
  pages =	 {77--86}
}



@Article{kmp,
  author = 	 {Donald E. Knuth and James H. Morris Jr. and Vaughan R. Pratt},
  title = 	 {Fast Pattern Matching in Strings},
  journal = 	 {SIAM Journal on Computing},
  year = 	 1977,
  volume =	 6,
  number =	 2,
  pages =	 {323--350}
}

@Misc{EWD:EWD1255,
   author = "Edsger W. Dijkstra",
   title = "Pruning the search tree, {EWD} 1255",
   month = jan,
   year = "1997",
   note = "circulated privately",
   howpublished = {\\ {\tt http://www.cs.utexas.edu/users/EWD/ewd12xx/EWD1255.PDF}}
   }

%%%%%%%%%%%%%%%%%%%%%%%%%%%%%%%%%%%%%%%%%%%%%%%%%%%%%%%%
@Misc{EWD:EWD1166,
  author =	 {Edsger W. Dijkstra},
  title =	 {From My Life, {EWD} 1166},
  howpublished = {\\ {\tt http://www.cs.utexas.edu/users/EWD/ewd11xx/EWD1166.PDF}},
  year =	 1993,
  note =	 {circulated privately}
}

@Article{EWDstack,
  author = 	 {Edsger W. Dijkstra},
  title = 	 {Recursive Programming},
  journal = 	 {Numerische Mathematik},
  year = 	 1960,
  volume =	 2,
  pages =	 {312--318}
}

@phdthesis{EWD:EWDthesis,
   author = "Edsger W. Dijkstra",
   title = "Communication with an {A}utomatic {C}omputer",
   year = "1959",
   publisher = "Excelsior",
   school = "University of Amsterdam",
   url = "http://www.cs.utexas.edu/users/EWD/PhDthesis/PhDthesis.PDF",
   fileSize = "5263 KB"
   }

@article{EWD:EWD215pub,
   author = "Edsger W. Dijkstra",
   title = "Go {T}o statement considered harmful",
   year = "1968",
   journal = "Comm. ACM",
   volume = 11,
   number = 3,
   pages = {147--148},
   note = "letter to the Editor"
   }

@Article{farewellLecture,
  author = 	 {Edsger W. Dijkstra},
  title = 	 {Under the spell of {L}eibniz's {D}ream, {EWD} 1298},
  journal = 	 IPL,
  year = 	 2001,
  month =	 "Feb",
  volume =	 77,
  pages =	 "53--61",
  number =	 {2--4}
}

@Article{EWD:cruelty,
  author = 	 {E.W. Dijkstra},
  title = 	 {On the Cruelty of Really Teaching Computing Science},
  journal = 	 {Comm. {ACM}},
  year = 	 1989,
  volume =	 32,
  pages =	 {1,398-1,414}
}

@Misc{EWD:EWD1209,
  author =	 "Edsger W. Dijkstra",
  title =	 "Why {A}merican {C}omputing {S}cience seems
                  incurable, {EWD} 1209
",
  howpublished = {\\ {\tt http://www.cs.utexas.edu/users/EWD/ewd12xx/EWD1209.PDF}},
  year =	 1995,
  note =	 "circulated privately"
}



@Misc{EWD:EWD1243a,
  author =	 {Edsger W. Dijkstra},
  title =	 {The next fifty years, {EWD}1243a},
  howpublished = {\\ {\tt http://www.cs.utexas.edu/users/EWD/ewd12xx/EWD1243a.PDF}},
  year =	 1996,
  note =	 {circulated privately}
}

@Article{dlp,
  author = 	 {Richard A. DeMillo and Richard J. Lipton and Alan J. Perlis},
  title = 	 {Social Processes and Proofs of Theorems and Programs},
  journal = 	 {CACM},
  year = 	 1979,
  volume =	 22,
  number =	 5,
  pages =	 {271--280}
}

@article{EWD:EWD426pub,
   author = "Edsger W. Dijkstra",
   title = "Self-stabilizing systems in spite of distributed control",
   year = "1974",
   publisher = "ACM",
   journal = "Commun. ACM",
   volume = 17,
   number = 11,
   pages = {643--644}
   }

@Misc{EWD:EWD638,
  author =	 {Edsger W. Dijkstra},
  title =	 {A political pamphlet from the {M}iddle {A}ges, {EWD}638},
  howpublished = {\\ {\tt http://www.cs.utexas.edu/users/EWD/ewd06xx/EWD638.PDF}},
  year =	 1977,
  note =	 {circulated privately}
}

@Misc{EWD:EWD1130,
  author =	 {Edsger W. Dijkstra},
  title =	 {On the economy of doing mathematics, {EWD} 1130},
  howpublished = {\\ {\tt http://www.cs.utexas.edu/users/EWD/ewd11xx/EWD1130.PDF}},
  year =	 1992,
  note =	 {circulated privately}
}

@article{EWD:EWD196pub,
   author = "Edsger W. Dijkstra",
   title = "The structure of the ``{THE}''-multiprogramming system",
   year = "1968",
   journal = "Comm. ACM ",
   volume = 11,
   number = 5,
   pages = {341--346}
   }

@inproceedings{EWD:EWD709pub,
   author = "Edsger W. Dijkstra",
   title = "My hopes of computing science",
   month = sep,
   year = "1979",
   pages = {442--448},
   booktitle = "Proc. 4th Int. Conf. on Software Engineering, Munich",
   organization = "IEEE"
   }

@article{EWD:EWD340pub,
   author = "Edsger W. Dijkstra",
   title = "The humble programmer",
   year = "1972",
   publisher = "ACM",
   journal = "Commun. ACM ",
   volume = 15,
   number = 10,
   pages = {859--866},
   note = "Turing Award lecture"
   }

@Book{lattice,
  author =	 {B.A. Davey and H.A. Priestley},
  title = 	 {Introduction to {L}attices and {O}rder},
  publisher = 	 {Cambridge University Press},
  year = 	 1990
}

@Book{cdk,
  author =	 {George Coulouris and Jean Dollimore and Tim Kindberg},
  title = 	 {Distributed Systems},
  publisher = 	 {Addison-Wesley},
  year = 	 2001
}

@Book{codebook,
  author =	 {Simon Singh},
  title = 	 {The {C}ode {B}ook},
  publisher = 	 {Doubleday},
  year = 	 1999
}

@Misc{websvc,
  key = 	 {websvc},
  author = 	 {Web Services Architecture Working Group},
  OPTtitle = 	 {},
  howpublished = {http://www.w3.org/2002/ws},
  OPTmonth = 	 {},
  OPTyear = 	 {},
  OPTnote = 	 {},
  OPTannote = 	 {}
}

@Misc{soap,
  key = 	 {soap},
  author = 	 {Don Box and David EhneBuske and Gopal Kakivaya and Andrew Layman and Noah Mendelsohn and Henrik Frystyk Nielson and Satish Thatte and Dave Winer},
  title = 	 {Simple Object Access Protocol 1.1},
  howpublished = {http://www.w3.org/TR/SOAP},
  OPTmonth = 	 {},
  OPTyear = 	 {2000},
  OPTnote = 	 {},
  OPTannote = 	 {}
}

@Misc{uddi,
  key =		 {uddi},
  author = 	 {Web site on UDDI}, 
  howpublished = {http://www.uddi.org/}
}



@Misc{bpel1,
  key =		 {bpel1},
  author = 	 {A web site on BPEL}, 
  howpublished = "Available for download at \\ {\tt http://www-106.ibm.com/developerworks/webservices/library/ws-autobp}"
}

@Misc{bpel2,
  key =		 {bpel2},
  author = 	 {A web site on BPEL}, 
  howpublished = {Available for download at \\ {\tt http://www-106.ibm.com/developerworks/webservices/library/ws-bpel}}
}

@Misc{biztalk1,
  key =		 {biztalk1},
  author =	 {Bob Laskey and James Parker},
  title =	 {Building a Reverse Auction with BizTalk Orchestration},
  howpublished = {Link: http://msdn.microsoft.com/xml/articles/biztalk/bizorchestr.asp},
  month =	 {Aug},
  year =	 2000
}

@Misc{biztalk2,
  key =		 {biztalk2},
  author = 	 {A web site on BizTalk}, 
  howpublished = {Available for download at \\ {\tt http://www-106.ibm.com/developerworks/webservices/library/ws-bpel}}
}

@Misc{wsdl,
  key = 	 {wsdl},
  author = 	 {Erik Christensen and Francisco Curbera and Greg Meredith and Sanjiva Weerawarana},
  title = 	 {Web Services Description Language 1.1},
  howpublished = {Link: http://www.w3.org/TR/wsdl},
  OPTmonth = 	 {},
  OPTyear = 	 {2001},
  OPTnote = 	 {},
  OPTannote = 	 {}
}

@Misc{axis,
  key = 	 {axis},
  OPTauthor = 	 {},
  title = 	 {Apache Axis Project},
  howpublished = {Link: http://xml.apache.org/axis},
  OPTmonth = 	 {},
  OPTyear = 	 {},
  OPTnote = 	 {},
  OPTannote = 	 {}
}

@Misc{tomcat,
  key = 	 {tomcat},
  OPTauthor = 	 {},
  title = 	 {Jakarta Project},
  howpublished = {http://jakarta.apache.org/tomcat/},
  OPTmonth = 	 {},
  OPTyear = 	 {},
  OPTnote = 	 {},
  OPTannote = 	 {}
}

@Article{Brzozowski,
  author = 	 {Janusz A. Brzozowski},
  title = 	 {Derivatives of regular expressions},
  journal = 	 {Journal of the Association for Computing Machinery},
  year = 	 1964,
  volume =	 11,
  pages =	 {481--494}
}

@Article{berry_sethi,
  author = 	 {G. Berry and R. Sethi},
  title = 	 {From Regular Expressions to Deterministic Automata},
  journal = 	 {Theoretical Computer Science},
  year = 	 1987,
  volume =	 48,
  pages =	 {117--126}
}

@InProceedings{OrcEuropar,
  author = 	 {Young{-}ri Choi and Amit Garg and Siddhartha Rai and Jayadev Misra and
   Harrick Vin},
  title = 	 {Orchestrating Computations on the World-wide Web},
  booktitle =	 {Parallel Processing: 8th International Euro-Par Conference},
  pages =	 {1--20},
  year =	 2002,
  editor =	 {B. Monien, R. Feldman},
  volume =	 {LNCS 2400},
  address =	 {},
  publisher =	 {Springer-Verlag Heidelberg}
}

@Misc{Cook-Misra-Orc,
  title =		 {Computation Orchestration: A Basis for Wide-Area Computing},
  author =	 {William R. Cook and Jayadev Misra},
  howpublished = {to appear in the Journal on Software and System Modeling}
}

@INPROCEEDINGS{Orc-Marktoberdorf04,
	AUTHOR = {Jayadev Misra}, 
	TITLE = {Computation Orchestration: A Basis for Wide-Area Computing}, 
	BOOKTITLE = {Proc. of the NATO Advanced Study Institute, Engineering Theories of Software Intensive Systems},
	ADDRESS = {Marktoberdorf, Germany},
	SERIES = {NATO ASI Series},
	EDITOR = {Manfred Broy},
	YEAR = 2004
}

@INPROCEEDINGS{OrcSemantics-Marktoberdorf04,
	AUTHOR = {Tony Hoare and Galen Menzel and Jayadev Misra}, 
	TITLE = {A Tree Semantics of an Orchestration Language}, 
	BOOKTITLE = {Proc. of the NATO Advanced Study Institute, Engineering Theories of Software Intensive Systems},
	ADDRESS = {Marktoberdorf, Germany},
	SERIES = {NATO ASI Series},
	EDITOR = {Manfred Broy},
        NOTE = {Also available at {\tt http://www.cs.utexas.edu/users/psp/Semantics.Orc.pdf}},
	YEAR = 2004
}

@InProceedings{hints,
  author = 	 {Markus Kaltenbach and Jayadev Misra},
  title = 	 {A Theory of Hints in Model checking},
  booktitle =	 {Formal Methods at the Crossroads: From Panacea to Foundational Support},
  pages =	 {423--438},
  year =	 2003,
  editor =	 {Bernhard K. Aichernig, Tom Maibaum},
  volume =	 {LNCS 2757},
  publisher =	 {Springer-Verlag Heidelberg}
}

@TechReport{synthesis,
  author = 	 {Ankur Gupta and Jayadev Misra},
  title = 	 {Synthesizing Programs over Recursive Data structures},
  institution =  {Computer Science Dept., University of Texas, Austin},
  year = 	 2003,
  number =	 {TR03-38}
}

@InProceedings{reduction,
  author = 	 {Jayadev Misra},
  title = 	 {A Reduction Theorem for Concurrent Object-Oriented Programs},
  booktitle =	 {Programming Methodology},
  pages =	 {69--92},
  year =	 2002,
  editor =	 {Annabelle McIver and Carroll Morgan},
  publisher =	 {Springer-Verlag Heidelberg}
}

@Misc{Cardelli-Orc,
  title =		 {Transitions in Programming Models (Microsoft Research European Faculty Summit '03)},
  author =	 {Luca Cardelli},
  howpublished = {http://research.microsoft.com/Users/luca/Slides/2003-07-16%20Transitions%20in%20Programming%20Models%20(MSR%20Faculty%20Summit).pdf}
}

@Article{Service-Combinators,
  author = 	 {Luca Cardelli and Rowan Davies},
  title = 	 {Service Combinators for Web Computing},
  journal = 	 {IEEE Transactions on Software Engineering},
  year = 	 1999,
  volume =	 25,
  number =	 3,
  pages =	 {309--316},
  month =	 {May-June}
}

@Book{tlaPlus,
  author =	 {Leslie Lamport},
  title = 	 {Specifying Systems},
  publisher = 	 {Addison-Wesley},
  year = 	 2003
}

@Article{polyphonic,
  author = 	 {Nick Benton and Luca Cardelli and C$\mathrm{\acute{e}}$dric Fournet},
  title = 	 {Modern Concurrency Abstractions for {C}\#},
  journal = 	 {TOPLAS},
  year = 	 {2004},
  volume =	 26,
  number =	 5,
  pages =	 {769 -- 804},
  month =	 {September}
}
 	 

@InProceedings{Fournet,
  author = 	 {C$\mathrm{\acute{e}}$dric Fournet and Georges Gonthier},
  title = 	 {The reflexive chemical abstract machine and the join-calculus},
  booktitle =	 {Proceedings of the POPL},
  year =	 1996,
  organization = {ACM}
}

@MISC{bh, 
	AUTHOR =  "Michael Butler and C.A.R. Hoare",
	TITLE = {Personal communication}
}

@Misc{SemanticWeb,
  key =		 {Semantic Web},
  author =	 {W3C Group},
  title =	 {Semantic Web},
  howpublished = {http://www.w3.org/2001/sw/}
}

@inproceedings{li+mp:ring,
author = "Li, X. and Misra, J. and Plaxton, C. G.",
title = "Brief Announcement: Concurrent Maintenance of Rings",
booktitle = "Proceedings of the 23rd ACM Symposium on Principles of Distributed Computing",
pages = "376--376",
month = "July",
year = "2004",
note = "Full paper available as TR--04--03, Department of Computer Science, University of Texas at Austin, February 2004"
}

@InProceedings{li+mp:ringranch,
  author = 	 "Li, X. and Misra, J. and Plaxton, C. G.",
  title = 	 "Active and Concurrent Topology Maintenance",
  booktitle =	 "Proceedings of the 18th International Conference on Distributed
Computing",
  pages =	 {320--334},
  year =	 2004,
  volume =	 3274,
  series =	 {Lecture Notes in Computer Science},
  publisher =	 "Springer-Verlag"
}

@inproceedings{MIsraSEFM2004,
author = "Jayadev Misra",
title = "A Programming Model for the Orchestration of Web Services",
booktitle = "Proceedings of the Second International Conference on Software
Engineering and Formal Methods (SEFM 2004)",
pages = "",
month = "Sept",
year = "2004"
}

@Book{lbk,
  author =	 {Philip M. Lewis and Arthur Bernstein and Michael Kifer},
  title = 	 {Databases and {T}ransaction {P}rocessing},
  publisher = 	 {Addison-Wesley},
  year = 	 2002
}

@Book{ahoUll,
  author =	 {Alfred V. Aho and Jeffrey D Ullman},
  title = 	 {Foundations of {C}omputer {S}cience},
  publisher = 	 {W. H. Freeman},
  year = 	 1995
}

@Misc{Bottom-Choice,
  key =		 {A Declarative Parallel Bottom-Avoiding Choice},
  author =	 {Andr$\mathrm{\acute{e}}$ Rauber Du Bois and Robert Pointon and  Hans-Wolfgang Loidl and  Phil Trinder},
  title = 	 {Implementing Declarative Parallel Bottom-Avoiding Choice},
  howpublished = {http://www.macs.hw.ac.uk/~trinder/papers/spec.ps}
}

@InProceedings{FRAN,
  author = 	 {Conal Elliott},
  title = 	 {Programming Graphics Processors Functionally},
  booktitle =	 {Proceedings of the 2004 Haskell Workshop},
  year =	 2004,
  address =	 {Snowbird, Utah, USA},
  month =	 {September}
}


@Misc{EightQueens,
  key =		 {Eight Queens},
  author =	 {Ian Osgood and Daniel Sheppard and Colin Wright and Doug Merritt and Benjamin Geiger},
  title = 	 {Eight Queens In Many Programming Languages},
  howpublished = {http://c2.com/cgi/wiki?EightQueensInManyProgrammingLanguages}
}


@INPROCEEDINGS{CHaskell,
	AUTHOR = {Simon Peyton Jones}, 
	TITLE = {Tackling the awkward squad: monadic input/output, concurrency, exceptions, and foreign-language calls in Haskell}, 
	BOOKTITLE = {Proc. of the NATO Advanced Study Institute, Engineering theories of software construction},
  address =	 {Marktoberdorf, Germany},
  EDITOR = {Tony Hoare and Manfred Broy and Ralf Steinbruggen},
  PUBLISHER = {IOS Press; ISBN: 1 58603 1724, 2001}, 
  PAGES = {47--96}, 
  YEAR = 2000
}

@Misc{Misra-cook,
    AUTHOR = "William Cook and Jayadev Misra",
    title =  "Orchestration in Orc: A Deterministic Distributed Programming Model",
    howpublished = {http://www.cs.utexas.edu/users/psp/OpSemantics.Orc.pdf},
    YEAR = 2005
}

@UNPUBLISHED{menzel1,
    AUTHOR = "Galen Menzel",
    title =  "Implementation of {O}rc on {C}oncurrent {H}askell",
    note =   {Under preparation},
    YEAR = 2004
}

@Unpublished{menzel,
  author = 	 {Galen Menzel},
  title = 	 {Revealing the Structure in Data: Generic tools and methods
for file queries and manipulations},
  note = 	 {Under preparation}
}

@InProceedings{ReactivePetri,
  author = 	 {Rik Eshuis and Juliane Dehnert},
  title = 	 {Reactive Petri Nets for Workflow Modeling},
  booktitle =	 {Proceedings of the 24th International Conference on Applications and Theory of Petri Nets (ICATPN 2003)},
  pages =	 {296--315},
  year =	 2003,
  editor =	 {Wil M. P. van der Aalst and Eike Best},
  volume =	 2679,
  series =	 {Lecture Notes in Computer Science},
  month =	 {June},
  publisher =	 {Springer-Verlag}
}

@InProceedings{PetriVsActivityDiagram,
  author = 	 {Rik Eshuis and Roel Wieringa},
  title = 	 {Comparing Petri Net and Activity Diagram Variants for Workflow Modelling - A Quest for Reactive Petri Nets},
  booktitle =	 {Petri Net Technology for Communication-Based Systems},
  pages =	 {321--351},
  year =	 2003,
  editor =	 {Hartmut Ehrig and Wolfgang Reisig and Grzegorz Rozenberg and Herbert Weber},
  volume =	 2472,
  series =	 {Lecture Notes in Computer Science},
  month =	 {November},
  publisher =	 {Springer-Verlag}
}

@book{SangiorgiBook2001,
 author = {Davide Sangiorgi and David Walker},
 title = {PI-Calculus: A Theory of Mobile Processes},
 year = {2001},
 isbn = {0521781779},
 publisher = {Cambridge University Press},
 }
    
@article{ amadio94localities,
    author = "Amadio and Prasad",
    title = "Localities and Failures",
    journal = "FSTTCS: Foundations of Software Technology and Theoretical Computer Science",
    volume = "14",
    year = "1994",
    url = "citeseer.ist.psu.edu/amadio95localities.html" }
    
@article{ riely01distributed,
    author = "James Riely and Matthew Hennessy",
    title = "Distributed processes and location failures",
    journal = "Theoretical Computer Science",
    volume = "266",
    number = "1--2",
    pages = "693--735",
    year = "2001",
    url = "citeseer.ist.psu.edu/riely97distributed.html" }
 
 
@article{ berry92esterel,
    author = "Gerard Berry and Georges Gonthier",
    title = "The Esterel Synchronous Programming Language: Design, Semantics, Implementation",
    journal = "Science of Computer Programming",
    volume = "19",
    number = "2",
    pages = "87-152",
    year = "1992",
    url = "citeseer.ist.psu.edu/berry92esterel.html" } 
    
@inproceedings{ kiepuszewski00structured,
    author = "Bartek Kiepuszewski and Arthur H. M. ter Hofstede and Christoph Bussler",
    title = "On Structured Workflow Modelling",
    booktitle = "Conference on Advanced Information Systems Engineering",
    pages = "431-445",
    year = "2000",
    url = "citeseer.ist.psu.edu/kiepuszewski00structured.html" }
    
    
@article{Aalst03,
 author = {W. M. P. Van Der Aalst and A. H. M. Ter Hofstede and B. Kiepuszewski and A. P. Barros},
 title = {Workflow Patterns},
 journal = {Distrib. Parallel Databases},
 volume = {14},
 number = {1},
 year = {2003},
 issn = {0926-8782},
 pages = {5--51},
 doi = {http://dx.doi.org/10.1023/A:1022883727209},
 publisher = {Kluwer Academic Publishers},
 address = {Hingham, MA, USA},
 }

@inproceedings{Padget99,
 author = {Julian A. Padget and Russell J. Bradford},
 title = {A $\pi$-calculus Model of a Spanish Fish Market - Preliminary Report},
 booktitle = {AMET '98: Selected Papers from the First International Workshop on Agent Mediated Electronic Trading on Agent Mediated Electronic Commerce},
 year = {1999},
 isbn = {3-540-65955-2},
 pages = {166--188},
 publisher = {Springer-Verlag},
 address = {London, UK},
 }


@Book{key2,
	Author = {Beth Sheresh and Doug Sheresh and Robert Cowart},
	Title = {Microsoft Transaction Server 3.0},
	Publisher = {IDG Books},
	Address = {},
	Edition = {},
	Pages = {},
	Year = {1999},
	Keyword = {}}

@misc{EJB1,
    author = "V. Matena and M. Hapner",
    title = "{Enterprise Java Beans Specification 1.0}",
    year = "1998",
    howpublished = {{Sun Microsystems}},
    others = "http://java.sun.com/products/ejb/docs.html"
}
	
@Article{MTS,
	Author = {Dave Reed and Tracey Trewin and  Mai{-}lan Tomsen},
	Title = {Microsoft Transaction Server Helps You Write Scalable, Distributed Internet Apps},
	Journal = {Microsoft Systems Journal},
	Volume = {12},
	Number = {8},
	Pages = {},
	Month = {August},
	Year = {1997},
	Keyword = {}}

@misc{ atkinson00review,
  author = "M. Atkinson and M. Jordan",
  title = "A Review of the Rationale and Architectures of
{PJama}: a Durable, Flexible, Evolvable and Scalable
   Orthogonally Persistent Programming Platform",
  text = "M.P. Atkinson, M.J. Jordan. A review of the rationale and architectures
    of PJama: a durable, flexible, evolvable and scalable orthogonally persistent
    programming platform. Technical Report TR-2000-90, Sun Microsystems Laboratories
    and Dept. Computing Science, Univ. Glasgow, UK, 2000",
  year = 2000,
  howpublished =  {Available at {\tt http://citeseer.ist.psu.edu/article/atkinson00review.html}}
}	
  

@CONFERENCE{Lea2004,
        AUTHOR = {Doug Lea},
        TITLE = {The java.util.concurrent Synchronizer framework}, 
        BOOKTITLE = {PODC Workshop on Concurrency and Synchronization in Java Programs}, 
	MONTH = {June},
        YEAR = {2005},
        PUBLISHER = {},
        NOTE={Expanded version published in Science of Computer Programming, 2005}
}

@InProceedings{MurataPetri,
  author = 	 {T. Murata},
  title = 	 {Petri Nets: Properties, Analysis and Applications},
  booktitle =	 {Proceedings of the IEEE},
  pages =	 {541--580},
  year =	 1989,
  volume =	 77,
  month =	 {April}
}

@Book{ReisigEtAlPetri,
  editor =	 {J\"{o}rg Desel and Wolfgang Reisig and Grzegorz Rozenberg},
  title = 	 {Advances in Petri Nets},
  publisher = 	 {Springer-Verlag},
  year = 	 2004,
  volume =	 3098,
  series =	 {Lecture Notes in Computer Science}
}

@InCollection{ReisigPetri,
  Author = 	 {W. Reisig},
  title = 	 {Petri Nets, An Introduction},
  booktitle = 	 {EATCS, Monographs on Theoretical Computer Science},
  publisher =	 {Springer Verlag},
  year =	 1985,
  editor =	 {W.Brauer and G. Rozenberg and A. Salomaa},
  address =	 {Berlin}
}

@InCollection{Pict,
  author = 	 {B. C. Pierce and D. N. Turner},
  title = 	 {Pict: A programming language based on the picalculus},
  booktitle = 	 {Proof, Language and Interaction: Essays in Honour of Robin Milner},
  publisher =	 {MIT Press},
  year =	 2000,
  editor =	 {G. Plotkin and C. Stirling and M. Tofte}
}

 

@Article{CML,
  author =	 {John H. Reppy},
  title =	 {{CML}: A Higher-Order Concurrent Language},
  journal =	 {SIGPLAN Notices},
  year =	 1991,
  volume =	 26,
  number =	 6,
  pages =	 {293--305},
  month =	 {June}
}

@Misc{Elephant,
  author =	 {John McCarthy},
  title =	 {Elephant 2000: A Programming Language Based on Speech Acts},
  howpublished = {{http://www-formal.stanford.edu/jmc/elephant/elephant.html}}
}




@Book{Flores-Winograd,
  author =	 {Fernando F. Flores and Terry Winograd},
  title = 	 {Understanding Computers and Cognition: A New Foundation for Design},
  publisher = 	 {Intellect Books},
  year = 	 1986
}

 	 

@Book{UML,
  author =	 {Hans-Erik Eriksson and Magnus Penker},
  title = 	 {Business Modeling with UML: Business Patterns at Work},
  publisher = 	 {John Wiley},
  year = 	 2000,
  month =	 {February}
}

@article{Riely2001,
 author = {James Riely and Matthew Hennessy},
 title = {Distributed processes and location failures},
 journal = {Theor. Comput. Sci.},
 volume = {266},
 number = {1-2},
 year = {2001},
 issn = {0304-3975},
 pages = {693--735},
 doi = {http://dx.doi.org/10.1016/S0304-3975(00)00326-1},
 publisher = {Elsevier Science Publishers Ltd.},
 address = {Essex, UK},
 }


@inproceedings{Fournet96,
 author = "C{\'e}dric Fournet and Georges Gonthier and Jean-Jacques L{\'e}vy and Luc Maranget and Didier R{\'e}my",
 title = {A Calculus of Mobile Agents},
 booktitle = {CONCUR '96: Proceedings of the 7th International Conference on Concurrency Theory},
 year = {1996},
 isbn = {3-540-61604-7},
 pages = {406--421},
 publisher = {Springer-Verlag},
 address = {London, UK},
 }

@inproceedings{FusionLICS98,
 author = {J. Parrow and B. Victor},
 title = {The Fusion Calculus: Expressiveness and Symmetry in Mobile Processes},
 booktitle = {LICS '98: Proceedings of the 13th Annual IEEE Symposium on Logic in Computer Science},
 year = {1998},
 isbn = {0-8186-8506-9},
 pages = {176},
 publisher = {IEEE Computer Society},
 address = {Washington, DC, USA},
 }


@InProceedings{glw02_fm_eabs,
  author = "Philippa Gardner and Cosimo Laneve and Lucian Wischik",
  title  = "The Fusion Machine (extended abstract)",
  booktitle = "CONCUR 2002",
  year   = 2002,
  editor = "L. Brim and P. Jancar and M. Kretinsky",
  volume = "2421",
  series = "Lecture Notes in Computer Science",
  pages  = "418--433",
  publisher = "Springer-Verlag",
  url    = "http://www.wischik.com/lu/research/fm.html",
}

@article{Benveniste03,
  author    = {Albert Benveniste and
               Paul Caspi and
               Stephen A. Edwards and
               Nicolas Halbwachs and
               Paul Le Guernic and
               Robert de Simone},
  title     = {The synchronous languages 12 years later.},
  journal   = {Proceedings of the IEEE},
  volume    = {91},
  number    = {1},
  year      = {2003},
  pages     = {64-83},
  bibsource = {DBLP, http://dblp.uni-trier.de}
}

@incollection{Wadler95,
  AUTHOR = {P. Wadler},
  TITLE = {Monads for Functional Programming},
  YEAR = 1995,
  BOOKTITLE = {Advanced Functional Programming: 1st International Spring School on Advanced Functional Programming Techniques},
  EDITOR = {J. Jeuring and E. Meijer},
  PUBLISHER = {Springer},
  ADDRESS = {Berlin, Heidelberg},
  PAGES = {24-52},
  KEYWORDS = {}}

  
@article{2460,
 author = {Matthew Hennessy and Robin Milner},
 title = {Algebraic laws for nondeterminism and concurrency},
 journal = {J. ACM},
 volume = {32},
 number = {1},
 year = {1985},
 issn = {0004-5411},
 pages = {137--161},
 doi = {http://doi.acm.org/10.1145/2455.2460},
 publisher = {ACM Press},
 address = {New York, NY, USA},
 }

@MISC{SPJ05, 
        AUTHOR = {L. Peyton Jones, Simon}, 
	TITLE = {Personal communication},
        year =	 2005
}

@Misc{Cook-Misra-OrcSem,
  author =	 {William R. Cook and Jayadev Misra},
  title =		 {A Structured Orchestration Language},
  howpublished = {unpublished manuscript},
  year = 2005
}

@Misc{Cook-Misra-OrcImp,
  author =	 {William R. Cook and Jayadev Misra},
  title =		 {Implementation Outline for Orc},
  howpublished = {unpublished manuscript},
  year = 2005
}

