@unpublished{citeulike:4544019,
	author = {Cook, William  R.  and Misra, Jayadev  },
	citeulike-article-id = {4544019},
	howpublished = {\url{http://orc.csres.utexas.edu/papers/OrcImpDraft.pdf}},
	keywords = {orc},
	posted-at = {2009-05-19 00:08:31},
	priority = {2},
	title = {Implementation Outline of Orc},
	year = {2005}
}
