@InProceedings{orc-forte-09,
author =      {Kitchin, David   and Quark, Adrian   and Cook, William   and Misra, Jayadev},
title =      {The {O}rc Programming Language},
key =      {orc, secure-information-flow},
booktitle = {Formal techniques for Distributed Systems; Proceedings of FMOODS/FORTE},
pages =      {1--25},
year =      {2009},
editor =      {David Lee and Ant\'{o}nia Lopes and Arnd Poetzsch-Heffter},
volume =      {5522},
series =      {LNCS},
publisher = {Springer}
}
