

@misc{Matsuoka2009,
	Author = {Matsuoka, Andrew and Kitchin, David},
	Date-Modified = {2014-10-11 22:04:24 +0000},
	Howpublished = {\url{http://orc.csres.utexas.edu/papers/OrcExceptionSemantics.pdf}},
	Keywords = {Orc; orchestration; concurrency; programming languages; semantics; exceptions},
	Title = {A Semantics for Exception Handling in Orc},
	Url = {http://orc.csres.utexas.edu/papers/OrcExceptionSemantics.pdf},
	Year = {2009},
	Bdsk-Url-1 = {http://orc.csres.utexas.edu/papers/OrcExceptionSemantics.pdf}}
