

@misc{Cook2005,
	Author = {Cook, William R. and Misra, Jayadev},
	Citeulike-Article-Id = {4544019},
	Date-Modified = {2014-10-11 22:03:52 +0000},
	Howpublished = {\url{http://orc.csres.utexas.edu/papers/OrcImpDraft.pdf}},
	Keywords = {Orc; orchestration; concurrency; programming languages},
	Title = {Implementation Outline of Orc},
	Url = {http://orc.csres.utexas.edu/papers/OrcImpDraft.pdf},
	Year = {2005},
	Bdsk-Url-1 = {http://orc.csres.utexas.edu/papers/OrcImpDraft.pdf}}
