

@misc{Kitchin2009,
	Author = {Kitchin, David},
	Date-Modified = {2014-10-11 22:04:05 +0000},
	Howpublished = {\url{http://orc.csres.utexas.edu/papers/OrcOtherwiseSemantics.pdf}},
	Keywords = {Orc; orchestration; concurrency; programming languages; semantics},
	Title = {Operational and Denotational Semantics of the Otherwise Combinator},
	Url = {http://orc.csres.utexas.edu/papers/OrcOtherwiseSemantics.pdf},
	Year = {2009},
	Bdsk-Url-1 = {http://orc.csres.utexas.edu/papers/OrcOtherwiseSemantics.pdf}}
