@Unpublished{orc-quicksort-09,
author =      {Kitchin, David   and Quark, Adrian   and Misra, Jayadev},
title =      {Quicksort: Combining Concurrency, Recursion, and Mutable Data Structures},
key =      {orc, quicksort},
year =      {2009},
}
