@techreport{citeulike:4543935,
	author = {Wehrman, Ian   and Kitchin, David   and Cook, William  R.  and Misra, Jayadev  },
	citeulike-article-id = {4543935},
	institution = {The University of Texas at Austin, Department of Computer Sciences},
	keywords = {orc},
	month = {December},
	number = {TR-07-65},
	posted-at = {2009-05-18 23:20:48},
	priority = {2},
	title = {Properties of the Timed Operational and Denotational Semantics of Orc},
	year = {2007}
}
